2094 3140
289 127 359 179 38
681 127 871 170 INDEX
901 126 1195 171 NOMINUM
1226 128 1302 170 ET
1335 128 1562 173 RERUM.

288 259 516 305 *Cassius
557 258 658 317 (C.)
706 259 755 302 in
803 263 956 302 castra
1003 259 1080 303 Cn.

347 318 538 374 Pompei
579 318 818 362 Strabonis
866 317 1081 374 mittitur,

348 380 402 420 ut
427 376 677 420 exercitum
703 376 929 433 suscipiat
952 392 995 433 p.
1011 383 1082 433 22,

348 442 373 479 6
406 439 453 479 et
486 441 537 479 11

289 495 502 540 castella
557 496 881 538 veteranorum
933 495 1081 539 Sulla-

346 568 510 598 norum
541 569 583 608 p.
612 558 681 607 34,
708 557 732 596 8

289 612 492 668 Cast0r3
541 612 599 655 ab
649 612 747 655 eius
796 613 923 656 cultu
975 627 1081 656 eon-

347 671 541 715 suetudo
591 670 820 727 repetitur
873 671 1083 727 equitum

344 731 657 773 Romanorum
688 729 822 774 binos
855 743 997 787 equos
1032 731 1083 773 in

343 789 572 846 proelium
625 788 826 832 ducendi
880 805 923 846 p.
959 795 1005 845 2,
1032 794 1080 844 53

343 849 477 892 fictus
510 861 609 891 esse
638 847 811 891 dicitur
842 848 958 891 duos
991 848 1081 892 cel-

345 921 417 951 sos
451 921 592 962 equos
626 906 867 950 continens
907 923 951 963 Ρ.
979 912 1027 961 2,
1053 913 1078 950 6

285 967 456 1011 castra
519 965 764 1022 Caepionis
824 969 871 1010 et
927 966 1080 1010 Mallii

345 1025 406 1068 ad
430 1025 735 1068 Arausionem
758 1040 801 1081 p.
823 1029 951 1081 12,63
984 1026 1079 1070 Me-

343 1083 446 1128 telli
484 1099 526 1140 p.
555 1088 631 1139 19,
659 1088 735 1138 103
781 1083 858 1128 Cn.
889 1084 1080 1141 Pompei

344 1143 586 1187 Strabonis
624 1158 669 1198 p.
697 1148 774 1198 22,
801 1148 846 1197 73
897 1142 1081 1187 Octavii

342 1218 387 1259 p.
414 1207 485 1258 23,
512 1207 558 1257 73
592 1202 890 1246 Ponticorum
914 1202 974 1246 ad
1000 1202 1081 1246 Or-

343 1262 618 1305 chomenum
643 1275 671 1304 a
694 1261 915 1305 Romanis
940 1263 1080 1318 capta

286 1378 509 1436 Catuli(
489 1378 569 1439 (Q
606 1379 823 1437 Lutatii)
864 1379 1011 1436 legati
1052 1393 1079 1422 a

345 1442 510 1482 senatu
535 1438 596 1481 ad
620 1438 862 1482 Metellum
886 1438 1078 1482 mittun-

342 1500 438 1542 tur:
478 1513 520 1541 v
548 1512 581 1540 s.
615 1497 865 1552 Antonius3
906 1497 1079 1541 *minor

343 1555 503 1600 consul
543 1558 612 1600 est
643 1570 736 1599 una
768 1570 873 1599 cum
903 1556 963 1599 M.
990 1556 1073 1600 Le-

342 1615 454 1672 pido
485 1630 530 1671 p.
557 1620 626 1670 35,
653 1620 679 1658 5

284 1674 588 1729 Celtiberia3
631 1673 845 1718 Valerius
884 1673 1077 1718 Flaccus

341 1733 601 1790 triumphat
647 1747 702 1777 ex
749 1732 795 1776 C.
843 1748 885 1789 p.
919 1737 995 1787 32,
1031 1738 1077 1788 13

342 1808 383 1837 v
418 1792 560 1836 etiarn
593 1806 626 1835 s.
651 1807 693 1835 v.
725 1791 921 1836 Hiberes

284 1850 509 1911 Chalcis,
564 1851 784 1894 Euboeae
832 1851 1077 1908 oppidum;

343 1925 396 1955 eo
436 1910 691 1954 Archelaus
730 1909 863 1954 clade
904 1910 965 1953 ad
998 1910 1079 1954 Or-

344 1970 618 2014 chomenum
672 1971 866 2026 accepta
917 1969 1079 2026 depor-

341 2030 470 2072 tatm
501 2044 545 2085 p.
571 2033 640 2080 26,
668 2033 692 2071 3

285 2087 460 2134 Cicero
501 2088 582 2146 (P.
617 2086 904 2190 Cornelius?
914 2101 931 2144 3
980 2087 1078 2131 dies

342 2146 515 2191 natalis
549 2147 802 2190 adnotatur
832 2148 880 2203 (g
901 2161 1080 2190 ossema

343 2205 620 2262 marginale)
652 2221 695 2263 p.
725 2211 780 2249 14
812 2219 918 2262 app.
945 2205 1044 2249 crit.

284 2264 478 2310 Cimbri
501 2265 562 2308 M.
589 2263 830 2308 Aurelium
858 2264 1081 2308 Scaurum

344 2323 633 2368 consularem
682 2323 835 2368 virum
888 2323 1081 2380 capiunt

341 2399 386 2440 p.
415 2388 491 2439 11,
520 2388 564 2438 13
606 2383 667 2426 ad
705 2381 984 2439 Caepionem
1015 2382 1079 2426 le-

343 2444 478 2498 gatos
520 2455 684 2498 pacem
722 2443 935 2498 petentes
973 2440 1080 2485 mit-

343 2502 450 2544 tunt
474 2515 518 2556 p.
546 2505 614 2556 12,
641 2506 687 2554 43
715 2501 944 2545 exercitus
968 2499 1079 2544 Cae-

343 2559 497 2616 pionis
545 2561 592 2603 et
637 2558 790 2602 Mallii
841 2560 901 2603 ad
932 2560 1079 2603 Arau-

344 2618 521 2662 sionem
581 2617 749 2675 fugant
811 2634 855 2675 p.
907 2623 983 2672 12,
1031 2623 1078 2673 63

345 2677 571 2721 adventus
597 2690 755 2720 eorum
786 2679 936 2720 totam
967 2691 1080 2733 qua-

343 2735 404 2779 tit
434 2749 532 2779 rem
561 2734 798 2791 publicam
831 2751 873 2792 p.
903 2740 971 2791 14,
998 2742 1023 2780 2

286 2794 571 2840 Cimbricus
634 2806 809 2839 servus
879 2794 1081 2838 Marium

345 2852 593 2897 Minturnis
662 2853 918 2897 interficere
987 2867 1081 2897 non

346 2913 489 2956 audet
520 2927 564 2968 p.
594 2916 661 2966 15,
691 2918 713 2956 7

1175 259 1332 305 Cinna
1364 261 1445 318 (Ρ.
1473 259 1779 319 Cornelius),
1811 261 1967 318 patria

1231 318 1392 385 pulsus
1423 335 1466 375 p.
1496 324 1572 375 15,
1597 326 1645 375 4,
1686 321 1858 377 accipit
1893 334 1966 365 co·

1232 378 1335 434 pias
1367 391 1394 421 a
1418 377 1565 422 Mario
1590 379 1807 424 collectas
1832 395 1875 436 p.
1897 385 1966 434 16,

1232 442 1280 492 4,
1306 441 1374 492 17,
1392 441 1441 491 4,
1469 437 1597 480 ducit
1620 441 1781 482 contra
1805 439 1967 482 urbem

1231 510 1276 551 p.
1304 500 1372 551 17,
1401 500 1447 549 7,
1479 494 1659 552 legatos
1685 500 1871 541 senatus
1896 511 1968 541 re-

1231 554 1398 610 pudiat
1421 569 1466 610 Ρ.
1491 558 1560 609 18,
1585 560 1632 609 6,
1666 555 1930 600 Samnites
1918 571 1967 600 1n

1233 612 1519 656 deditionem
1552 613 1724 670 accipit
1754 630 1797 672 p.
1822 621 1890 671 21,
1917 620 1964 670 2,

1231 671 1380 715 mittit
1424 671 1606 728 legatos
1655 673 1716 715 ad
1754 677 1967 718 senatum

1231 746 1275 786 p.
1303 736 1379 785 21,
1407 736 1453 786 7,
1501 732 1623 774 circa
1661 734 1840 776 montes
1887 733 1966 776 Al—

1231 790 1378 833 banos
1405 792 1558 833 castra
1582 789 1738 844 habet,
1763 791 1844 835 ubi
1867 792 1966 836 Me-

1231 848 1335 891 telli
1373 848 1546 892 milites
1587 849 1648 892 ad
1683 863 1787 893 eum
1817 852 1967 894 trans-

1230 907 1419 962 fugiunt
1478 923 1523 964 p.
1561 912 1637 961 23,
1673 912 1720 962 73
1782 908 1966 964 legatus

1229 966 1518 1010 mittitur-'ad
1543 966 1736 1011 Cinnam
1758 982 1804 1023 p.
1823 972 1893 1022 23,
1913 973 1965 1012 11

1172 1025 1446 1083 circenses,
1478 1041 1518 1070 v,
1546 1040 1579 1070 s.
1612 1025 1714 1070 ludi

1171 1084 1339 1130 circus
1370 1099 1415 1141 p.
1442 1089 1511 1140 32,
1539 1090 1564 1128 3

1172 1143 1430 1200 Cisalpina
1467 1142 1637 1189 Gallia
1670 1143 1826 1188 Sullae
1862 1159 1968 1202 pro-

1230 1202 1383 1246 vincia
1416 1203 1554 1246 datur
1583 1218 1627 1260 p.
1656 1207 1726 1258 32,
1754 1209 1808 1247 14

1173 1261 1354 1307 civitas
1364 1275 1381 1317 3
1437 1261 1668 1306 Samnites
1727 1261 1967 1306 civitatem

1231 1320 1320 1363 sibi
1345 1322 1392 1364 et
1415 1320 1623 1377 perfugis
1647 1323 1815 1377 petunt
1830 1337 1874 1378 p.
1895 1326 1966 1378 20,

1229 1385 1278 1434 4,
1333 1379 1569 1423 dediticiis
1617 1379 1755 1423 datur
1801 1379 1965 1424 civitas

1229 1453 1257 1482 a
1288 1438 1509 1481 Romanis
1541 1454 1585 1494 p.
1613 1443 1683 1490 21,
1709 1444 1735 1481 9

1171 1497 1349 1543 classis
1390 1496 1609 1541 Archelai
1647 1497 1967 1553 stipulationi-

1227 1556 1314 1599 bus
1353 1555 1483 1612 pacis
1524 1556 1585 1600 ad
1616 1555 1790 1600 Aulida
1829 1556 1967 1601 factis

1229 1629 1257 1658 a
1290 1615 1418 1658 Sulla
1449 1617 1700 1672 usurpatur
1730 1630 1775 1672 p.
1800 1621 1871 1670 26,
1890 1620 1966 1671 103

1228 1674 1527 1718 Mithridates
1575 1688 1679 1718 cum
1727 1674 1873 1718 classe
1918 1676 1968 1718 in

1228 1734 1427 1777 Pontum
1458 1733 1766 1789 proficiscitur
1797 1749 1840 1790 Ρ.
1859 1738 1929 1788 27,
1941 1738 1966 1778 9

1170 1791 1412 1837 Claudius
1438 1791 1515 1849 (C.
1541 1792 1806 1859 Pulcher),
1840 1793 1967 1837 aedi-

1229 1851 1288 1894 lis
1337 1850 1509 1894 curulis
1557 1851 1782 1895 circenses
1829 1851 1964 1896 ludos

1229 1909 1420 1954 exhibet
1480 1926 1522 1966 p.
1573 1915 1650 1966 32,
1693 1915 1740 1966 33
1805 1911 1965 1955 consul

1227 1985 1272 2026 p.
1300 1974 1369 2025 32,
1396 1973 1421 2012 8

1170 2030 1377 2074 cohors·
1361 2059 1378 2084 ‚
1393 2027 1660 2072 cohortibus
1673 2030 1827 2072 turma
1837 2028 1965 2084 equi-

1229 2090 1331 2131 tum
1363 2081 1642 2144 adiungitur
1658 2102 1702 2143 p.
1732 2092 1771 2142 1,
1798 2092 1844 2143 73
1879 2087 1964 2132 Oc-

1229 2146 1384 2190 tavius
1426 2146 1476 2189 in
1514 2160 1673 2204 pugna
1720 2146 1804 2189 sub
1843 2146 1966 2190 Iani-

1232 2205 1335 2249 culo
1392 2206 1547 2249 monte
1594 2204 1838 2249 commissa
1887 2219 1966 2249 sex

1231 2264 1442 2308 cohortes
1481 2277 1508 2307 a
1539 2263 1760 2320 Pompeio
1794 2265 1966 2322 accipit

1228 2339 1273 2380 p.
1302 2327 1378 2378 19,
1405 2327 1451 2378 23
1497 2322 1709 2367 dediticii
1748 2323 1854 2367 XVI
1891 2338 1967 2368 co·

1229 2383 1386 2426 hortes
1418 2382 1614 2425 mittunt
1644 2397 1689 2438 p.
1716 2387 1786 2438 21,
1815 2386 1868 2426 10

1172 2441 1443 2496 collegium
1460 2445 1740 2499 (auguruml,
1768 2456 1809 2485 v.
1829 2455 1862 2485 s.
1884 2454 1964 2484 au-

1263 2514 1366 2544 ures

1171 2516 1380 2604 601810εεί
1426 2559 1538 2614 duo,
1586 2573 1704 2602 unus
1745 2557 1962 2615 Olympii,

1231 2618 1349 2662 alter
1382 2616 1636 2674 Capitolini
1673 2616 1793 2660 Iovis
1834 2630 1966 2660 sacer

1171 2692 1428 2791 columnam
1477 2734 1716 2778 columnae
1759 2733 1895 2790 Olym
1816 2734 1965 2791 ymiip

1231 2794 1290 2838 ab
1325 2766 1555 2837 Antiocho
1580 2793 1654 2836 IV.
1718 2793 1962 2850 Epiphane

1229 2854 1491 2896 exstructae
1522 2867 1566 2908 p.
1594 2857 1634 2906 6,
1659 2856 1685 2895 8

1171 2911 1460 2967 comisat103
1485 2910 1733 2954 Antiochus
1750 2911 1826 2955 IV.
1852 2910 1965 2967 Epi-
