2094 3140
228 106 338 151 Vm
892 104 1246 149 PRAEFATIO.

236 248 333 295 den
356 246 566 294 Worten
589 245 814 309 Madvigs
845 244 1181 307 beipflichten:
1212 239 1324 294 Die
1350 236 1582 295 Schrift
1611 257 1731 296 wal·
1762 241 1916 298 ohne

235 314 479 369 Zweifel
498 353 649 369 .....
671 314 767 368 6111
789 311 1030 380 Auszug
1053 313 1161 367 der
1182 311 1520 368 romischen
1545 313 1911 386 Geschichte,

236 387 586 442 wesentlich
627 401 732 440 aus
770 386 893 439 und
931 386 1083 440 nach
1123 387 1256 441 dem
1293 387 1560 443 Livius.“
1626 396 1800 457 Neque
1832 395 1911 444 ad—

236 469 336 516 huc
375 483 550 515 causae
589 467 902 527 rationesque
942 466 1125 515 allatae
1164 469 1293 528 sunt,
1332 467 1510 529 quibus
1546 469 1823 517 rationibus
1857 485 1915 517 66

236 543 485 590 sententia
522 541 859 587 imminuatur.

348 614 419 661 At
466 613 705 661 Granium
750 613 1066 662 Licinianum
1114 629 1212 662 non
1259 630 1316 663 ex
1362 616 1517 677 ipsius
1563 615 1676 664 Livi
1722 631 1764 665 a.
1796 633 1842 664 u.
1875 631 1912 664 c.

238 688 380 736 libris
419 688 653 748 hausisse,
691 703 866 735 verum
897 704 954 735 ex
986 682 1246 750 epitoma
1276 689 1378 750 illa,
1419 704 1568 750 quam
1599 689 1793 738 Tiberio
1825 690 1914 738 im-

232 763 485 825 peritante
524 761 759 824 scriptam
798 777 900 809 esse
938 762 1158 810 homines
1191 762 1323 810 docti
1354 762 1656 811 edocuerunt
1687 757 1770 830 (cf.
1795 762 1916 811 San-

237 837 362 896 ders,
401 835 495 883 Die
528 833 1132 891 Quellenkontamination
1161 837 1231 883 im
1272 837 1355 884 21.
1394 837 1498 884 und
1539 839 1621 884 22.
1657 836 1797 885 Buch
1834 837 1917 885 des

235 910 433 969 Livius,
480 912 635 956 erster
673 909 793 956 Teil.
870 909 998 957 Diss.
1046 910 1353 973 inauguralis
1398 910 1727 971 Monacensis,
1777 911 1915 958 1897

236 986 286 1031 et
324 983 456 1030 Frid.
489 982 753 1043 Drescher,
799 982 1033 1047 Beitrage
1080 1000 1165 1030 zur
1202 982 1601 1047 Liviusepitome.
1678 984 1806 1033 Diss.
1843 986 1920 1032 in-

241 1057 496 1120 auguralis
529 1056 863 1120 Erlangensis,
899 1050 1081 1123 1900),
1119 1059 1174 1105 in
1212 1057 1324 1106 diss.
1364 1074 1475 1106 mea
1511 1075 1559 1121 p.
1594 1059 1661 1106 58
1676 1075 1781 1121 sqq.
1820 1059 1921 1106 tria

242 1132 536 1195 argumenta
575 1131 801 1179 attulisse
841 1146 1025 1179 censeo.

350 1204 427 1252 De
472 1199 713 1254 1101111116
759 1205 1034 1267 scriptoris,
1080 1205 1199 1252 item
1246 1205 1306 1252 de
1350 1213 1465 1254 usu
1509 1201 1828 1254 verborum
1871 1207 1922 1253 et

244 1273 541 1327 vetustate
581 1279 640 1326 cf.
679 1278 874 1326 ibidem.
952 1278 1113 1326 Multa
1152 1279 1350 1340 quidem
1386 1279 1439 1326 in
1477 1279 1695 1327 medium
1731 1280 1922 1341 profert

239 1352 572 1413 Dieckmann,
619 1352 747 1400 unde
795 1351 978 1400 efficiat
1017 1351 1258 1400 Granium
1304 1354 1460 1401 altero
1506 1370 1554 1415 p.
1588 1351 1698 1400 Chr.
1731 1371 1776 1400 n.
1817 1368 1920 1401 sae-

241 1426 353 1475 culo
392 1426 673 1488 ponendum
713 1441 837 1487 esse,
885 1428 934 1473 et
973 1442 1063 1489 ego
1111 1427 1399 1488 scriptorem
1436 1427 1551 1475 inde
1590 1427 1651 1474 ab
1691 1426 1922 1475 ducente-

239 1502 367 1548 simo
406 1517 453 1562 p.
489 1498 597 1547 Chr.
630 1517 676 1546 n.
718 1515 846 1547 anno
886 1500 1036 1548 fuisse
1076 1515 1187 1547 cum
1227 1500 1337 1548 aliis
1367 1501 1664 1549 testimoniis
1702 1502 1810 1548 tum
1846 1501 1923 1548 in-

241 1574 385 1621 diciis
426 1590 483 1621 ex
521 1589 614 1622 usu
651 1573 913 1622 verborum
950 1575 1191 1636 repetitis,
1233 1590 1358 1635 quae
1397 1577 1533 1623 sunt:
1581 1568 1921 1623 auscultare

245 1642 316 1714 (p.
352 1650 435 1709 12,
462 1641 535 1714 3),
573 1642 781 1697 nostro
823 1641 997 1696 corde
1034 1656 1276 1697 noscere
1315 1641 1384 1714 (p.
1420 1649 1467 1709 8,
1494 1641 1567 1714 3),
1605 1642 1923 1710 derepente

244 1715 314 1787 (p.
337 1723 420 1783 13,
442 1714 513 1787 7),
553 1717 675 1771 scio
716 1715 872 1782 quod
905 1718 973 1783 (p.
993 1724 1040 1782 2,
1060 1723 1107 1783 9,
1146 1722 1206 1770 cf.
1230 1721 1377 1770 Arch.
1402 1722 1488 1783 XI,
1526 1739 1573 1783 p.
1601 1715 1746 1788 266),
1783 1732 1923 1770 nam

245 1789 314 1861 (p.
336 1796 382 1856 6,
405 1797 432 1842 7
460 1796 510 1843 et
537 1798 599 1842 11
608 1789 712 1862 „2)
742 1795 795 1842 in
826 1795 940 1843 diss.
964 1811 1075 1843 mea
1101 1812 1148 1858 p.
1168 1797 1232 1843 11
1261 1796 1381 1844 satis
1414 1795 1663 1844 edocuisse
1695 1796 1922 1844 arbitror.

352 1868 624 1931 Postquam
654 1884 902 1932 perpauca
933 1869 1184 1931 adnotavi,
1224 1885 1350 1931 quae
1389 1870 1453 1917 ad
1493 1868 1647 1917 Grani
1676 1868 1924 1918 Liciniani

242 1942 490 1991 scribendi
519 1943 777 2004 rationem,
808 1943 985 2005 fontes,
1016 1958 1158 1991 usum
1181 1944 1456 2005 verborum,
1486 1945 1784 1992 vetustatem
1813 1959 1922 2006 per-
1950 1988 1963 1993 Ι

237 2017 403 2064 tinent
457 2010 624 2081 (plura
676 2017 812 2080 legas
860 2032 938 2079 ap.
987 2016 1036 2065 O
1068 2017 1338 2078 Pertzium,
1390 1981 1824 2077 Dieckmannium,
1868 2018 1922 2064 in

240 2091 355 2138 diss.
395 2107 506 2138 mea
545 2093 595 2138 et
633 2084 724 2157 6.),
774 2107 873 2139 11011
920 2091 1139 2138 alienum
1186 2106 1290 2139 esse
1335 2091 1534 2139 videtur
1570 2090 1629 2138 de
1668 2085 1922 2139 librario

243 2165 425 2212 codicis
479 2164 739 2226 paululum
800 2164 1048 2212 disserere.
1139 2164 1253 2212 Non
1314 2166 1581 2213 iteraturus
1635 2179 1742 2212 sum
1797 2179 1923 2226 quae

243 2236 296 2285 O.
327 2237 473 2286 Pertz
513 2230 691 2303 (praef.
725 2240 877 2300 caput
912 2237 959 2284 V
995 2240 1045 2286 et
1075 2231 1169 2304 VI)
1211 2238 1532 2300 amplioribus
1570 2238 1731 2287 verbis
1771 2238 1922 2300 expli-

242 2311 368 2372 cuit,
420 2313 479 2359 ut
522 2312 649 2359 nihil
693 2313 796 2360 iam
843 2312 1075 2360 adnotem
1124 2313 1182 2359 de
1229 2313 1390 2360 forma
1441 2313 1742 2374 litterarum,
1798 2327 1922 2373 quas

242 2386 512 2432 maximam
556 2387 751 2447 partem
801 2386 1037 2447 capitales
1091 2386 1389 2434 intermixtis
1442 2386 1719 2434 uncialibus
1773 2387 1922 2446 atque

240 2459 593 2507 recentioribus
632 2459 783 2508 fuisse
820 2459 893 2506 ibi
937 2460 1095 2523 legas,
1141 2475 1299 2522 neque
1345 2460 1405 2508 de
1453 2459 1806 2523 orthographia
1842 2474 1921 2506 co·

242 2532 388 2592 dicis,
435 2548 533 2593 qua
571 2532 623 2578 in
661 2549 714 2580 re
751 2549 985 2595 persaepe
1032 2535 1082 2581 et
1118 2534 1365 2582 vocalium
1402 2535 1682 2581 litterarum
1721 2534 1770 2580 et
1808 2547 1922 2579 con-

238 2605 525 2654 sonantium
570 2608 870 2667 permutatio
916 2607 1050 2655 facta
1097 2609 1192 2669 est,
1238 2623 1395 2669 neque
1443 2607 1502 2654 de
1549 2604 1847 2668 compendiis
1891 2621 1921 2653 a

242 2678 295 2727 O.
326 2679 520 2726 Pertzio
560 2679 936 2742 diligentissime
975 2682 1234 2743 congestis,
1273 2681 1370 2729 nisi
1410 2696 1535 2742 quae
1574 2695 1684 2728 cum
1721 2695 1922 2727 munere

241 2752 573 2801 emendatoris
613 2755 858 2801 artissime
897 2754 1200 2802 cohaereant.

356 2825 498 2882 Quod
537 2827 666 2874 enim
701 2843 747 2888 p.
776 2828 859 2886 24,
888 2829 915 2874 7
958 2828 1154 2889 scripsi:
1194 2822 1473 2887 ‘quinque
1514 2821 1574 2874 et
1606 2820 1922 2887 sexaginta

242 2895 421 2948 milia
465 2893 762 2964 peditum,
817 2907 1104 2960 equorum
1155 2894 1491 2959 quindecim
1537 2895 1748 2965 milia',
1801 2901 1921 2947 haec
