2094 3140
311 131 415 175 XVI
968 130 1321 175 PRAEFATIO.

420 289 466 333 p.
497 271 585 330 19,
622 272 649 317 7
691 264 839 332 fuit,
888 264 1010 334 sed]
1052 269 1176 317 cod.:
1216 269 1599 332 FUISSETET,
1644 274 1985 337 neglegentiae

311 345 496 392 scribae
536 344 731 391 crimini
769 343 1007 404 dandum,
1048 344 1143 392 nisi
1184 339 1393 390 ‘ETET’
1437 344 1827 408 dittographiam
1857 347 1996 396 iudi-'

310 434 387 465 ces
428 420 477 465 et
517 413 650 464 ‘fuit'
693 432 750 464 ex
789 411 977 464 <FUIS'
1019 418 1251 465 excutias.

421 509 467 554 p.
498 492 579 551 19,
607 492 635 537 6
676 483 776 554 At]
819 489 1148 551 supplendum
1185 491 1308 538 mihi
1346 491 1524 552 visum,
1563 493 1696 553 quod
1735 496 1985 542 contraria

310 581 412 614 esse
468 579 636 611 censeo
692 563 789 611 duo
845 565 1115 612 enuntiata.
1211 564 1394 626 „Hatte
1449 579 1736 628 genommen
1789 568 1985 616 werden

308 637 531 686 Ιςὸῐηιθιαιι
556 637 797 686 vocabula
822 633 954 699 ‘capi
976 633 1160 700 potuit'
1184 638 1237 685 in
1260 640 1482 686 nostrum
1506 653 1777 688 sermonem
1805 643 1983 690 vertas.

419 730 465 774 p.
494 712 584 772 25,
613 714 639 758 1
690 719 937 760 numero
986 706 1229 759 circiter
1277 705 1477 760 decem
1523 707 1714 778 milia]
1769 710 1983 777 ‘septua-

308 782 484 850 ginta',
525 785 656 846 quod
685 787 851 847 posuit
881 785 1083 846 Heptas,
1122 786 1223 832 iam
1262 801 1292 832 a
1326 784 1577 835 Camozzio
1615 789 1858 836 remotum
1896 792 1984 851 est,
2086 788 2094 799 '

308 875 466 920 neque
518 861 686 906 tamen
733 854 937 906 ‘decem'
987 858 1220 907 substitui
1275 874 1386 907 cum
1434 859 1544 921 illo,
1598 860 1683 909 sed
1728 856 1984 925 tnumero',

310 933 443 994 quod
482 934 668 994 optime
707 933 934 980 convenit
972 933 1036 980 ad
1073 948 1218 981 usum
1256 933 1529 981 verborum.
1598 932 1669 981 Of.
1700 951 1748 997 p.
1783 936 1829 996 6,
1863 936 1893 983 8
1935 938 1986 985 et

306 1023 354 1068 p.
390 1007 475 1067 16,
507 1008 563 1068 43
604 1002 806 1053 edecem'
846 1007 1015 1069 potius
1055 1008 1168 1054 ante
1209 1001 1386 1054 ‘milia'
1426 1007 1709 1070 ponendum
1747 1011 1833 1057 est.
1910 1009 1985 1071 De

306 1081 398 1128 hac
438 1080 778 1128 emendatione
816 1080 875 1128 cf.
909 1080 1021 1128 diss.
1053 1095 1213 1128 meam
1243 1097 1290 1142 p.
1317 1081 1400 1128 46.

418 1172 465 1217 p.
493 1155 586 1214 25,
621 1155 650 1201 5
692 1147 974 1218 ferocius]
1017 1155 1075 1201 cf.
1107 1153 1235 1216 App.
1267 1154 1349 1201 Mi.
1385 1156 1478 1202 49:
1525 1152 1751 1215 ἀσθενῶς
1789 1153 1842 1205 δὲ
1886 1163 1994 1205 τῶν

301 1221 549 1290 Ῥωμαίων
575 1264 732 1275 .....
759 1225 1043 1292 μαχομένων
1084 1221 1172 1293 (So.
1203 1230 1362 1290 primo
1402 1221 1518 1295 die).

417 1319 464 1364 p.
486 1303 569 1363 28,
600 1305 626 1350 7
661 1296 834 1362 eique
866 1295 1083 1350 adiecit
1105 1295 1594 1366 Paphlagoniam]
1630 1298 1735 1365 ‘qui
1765 1306 1880 1365 post
1911 1306 1984 1352 est

307 1376 587 1437 appellatus
625 1372 952 1438 Philopator’,
998 1377 1055 1423 ut
1092 1374 1282 1438 Heptas
1327 1376 1521 1437 scribit,
1568 1392 1593 1424 e
1641 1378 1871 1424 contextu
1907 1394 1984 1426 re-

306 1451 462 1510 movi,
502 1465 619 1497 nam
658 1444 1091 1513 ‘Paphlagoniam'
1131 1449 1281 1497 codex
1319 1451 1424 1497 sine
1455 1449 1607 1497 dubio
1639 1450 1846 1498 exhibet.
1908 1451 1982 1499 De

306 1539 359 1570 re
399 1524 458 1571 cf.
491 1523 619 1586 App.
652 1523 735 1570 Mi.
770 1526 853 1571 21.
925 1522 1236 1571 Mithridates
1274 1523 1619 1588 Paphlagonia
1655 1525 1859 1586 potitus,
1899 1524 1985 1573 sed

308 1613 337 1644 a
378 1596 517 1645 Sulla
564 1614 673 1645 eam
717 1597 918 1645 reddere
964 1599 1160 1645 coactus
1208 1599 1315 1644 erat
1368 1591 1538 1663 (Gran.
1571 1614 1618 1659 p.
1649 1600 1733 1659 27,
1761 1601 1814 1659 13
1851 1598 1984 1646 Plut.

309 1670 428 1718 Sull.
465 1663 574 1737 22),
612 1687 770 1733 neque
809 1672 909 1720 scio
943 1687 1005 1718 an
1035 1670 1315 1732 Nicomedi,
1358 1673 1514 1719 amico
1554 1673 1604 1719 et
1642 1673 1773 1720 socio
1810 1672 1984 1734 populi

306 1745 531 1805 Romani,
578 1745 695 1792 data
735 1745 812 1794 sit.
889 1744 963 1792 De
1003 1746 1250 1792 structura
1297 1745 1355 1793 cf.
1388 1744 1507 1793 Iust.
1544 1747 1597 1806 1,
1631 1748 1685 1807 2,
1719 1746 1773 1793 8:
1811 1745 1982 1795 Aethi-

307 1820 474 1880 opiam
514 1835 710 1880 quoque
747 1819 953 1880 imperio
994 1818 1185 1866 adiecit.

417 1910 464 1955 p.
497 1894 587 1953 28,
624 1894 651 1940 7
695 1886 892 1941 Oomis
931 1886 993 1940 et
1030 1886 1399 1942 mansuetior
1436 1887 1544 1940 ille
1569 1926 1585 1943 .
1611 1926 1626 1942 .
1653 1927 1668 1943 .
1695 1888 1732 1958 .]
1774 1892 1832 1941 cf.
1866 1893 1980 1942 diss.

305 1982 466 2014 meam
503 1983 550 2028 p.
586 1967 652 2014 67
668 1982 773 2028 sqq.
1989 2008 1993 2017 ,

417 2057 463 2102 p.
492 2042 576 2101 29,
612 2043 638 2087 1
681 2048 932 2101 regnum
975 2067 1037 2074 -—
1081 2035 1536 2105 exsequebatur]
1578 2040 1637 2088 de
1674 2056 1728 2088 re
1767 2040 1826 2087 cf.
1866 2040 1980 2088 diss.

306 2129 466 2161 meam
499 2131 546 2175 p.
575 2115 664 2176 683
704 2113 762 2161 de
802 2115 854 2162 vi
892 2116 941 2162 et
971 2116 1219 2162 structura
1249 2113 1387 2162 verbi
1419 2109 1654 2176 ‘exsequi’
1687 2115 1746 2161 cf.
1772 2113 1980 2163 Plautus

307 2187 441 2235 Trin.
468 2188 570 2235 686
614 2181 909 2254 (egestatem
940 2181 1177 2254 exsequi),
1207 2188 1333 2235 Men.
1362 2189 1482 2249 982,
1517 2186 1654 2249 Capt.
1683 2189 1800 2235 191.
1857 2186 1980 2236 Gon·

306 2262 496 2308 iectura
544 2258 808 2310 ‘Socrates'
857 2261 1172 2310 confirmatur
1222 2262 1500 2323 enuntiato,
1554 2261 1684 2323 quod
1738 2262 1980 2323 sequitur:

309 2330 448 2382 ‘satis
489 2336 727 2384 exercitus
773 2337 826 2382 in
871 2337 1035 2397 priore
1082 2331 1324 2395 fortuna',
1372 2351 1522 2397 quam
1563 2331 1851 2383 ‘fortunam'
1894 2334 1980 2382 So·

307 2409 457 2456 cratis
495 2408 917 2470 interpretandam
956 2424 1072 2471 esse,
1117 2425 1242 2471 quae
1282 2411 1556 2471 sequuntur
1593 2409 1706 2457 inde
1745 2408 1805 2456 ab
1846 2403 1980 2456 ‘nam

307 2478 590 2543 postquam'
632 2483 1017 2531 luculentissime
1058 2483 1254 2530 edocere
1293 2483 1537 2531 videntur.

417 2573 463 2617 p.
492 2558 583 2616 29,
618 2557 647 2603 9
703 2551 864 2605 filius
910 2549 1304 2622 Aristonissae]
1353 2557 1502 2605 codex
1547 2554 1853 2615 mutilatum,
1895 2554 1979 2602 sed

306 2629 590 2691 postulatur
628 2645 848 2677 connexu
885 2646 1059 2677 rerum.

418 2720 464 2764 p.
500 2703 590 2764 30,
624 2704 654 2750 3
702 2697 870 2750 Hanc
910 2694 1179 2752 Socrates
1225 2697 1298 2751 ad
1334 2695 1742 2751 Mithridatem
1786 2696 1978 2751 refert

307 2784 508 2836 regem
562 2771 635 2823 ad
686 2771 913 2824 bellum
955 2771 1162 2826 contra
1208 2770 1463 2824 fratrem
1507 2769 1869 2839 incitavisse]
1918 2775 1976 2824 de

308 2849 588 2898 coniectura
622 2845 979 2898 ‘Mithridatem
1008 2851 1159 2898 refert
1192 2845 1376 2913 regcm'
1416 2850 1518 2895 iam
1556 2864 1706 2909 supra
1744 2849 1976 2911 explicui3

310 2923 368 2970 de
408 2939 627 2971 connexu
657 2939 820 2971 rerum
852 2923 909 2971 cf.
943 2923 1055 2972 diss.
1087 2939 1247 2970 meam
1271 2939 1316 2984 p.
1345 2924 1411 2970 69
1429 2938 1522 2985 sq.;
1562 2922 1758 2984 expedit
1788 2923 1977 2985 afferre,
