2094 3140
281 140 356 192 54
586 139 777 183 INDEX
807 138 1281 183 MEMORABILIUM
1314 139 1661 184 VERBORUM.

281 272 481 329 pecunia
512 272 700 316 multat
728 287 772 327 p.
800 275 869 326 28,
897 277 921 314 5

281 345 493 388 repressa
516 331 846 375 multitudine
877 346 921 387 p.
941 336 1011 386 23,
1029 336 1078 386 4,

343 390 720 434 multitudinem
765 390 1076 433 innumerabi-

343 449 434 492 lem
465 464 508 505 p.
537 454 605 503 25,
633 453 657 490 6

282 522 388 551 cum
411 522 504 551 non
528 507 688 551 multo
716 507 900 551 abesset
916 512 1078 564 p.12,8

281 579 490 610 munere
523 581 604 609 suo
637 581 680 622 p.
708 570 777 621 32,
805 572 829 610 2

282 626 519 670 munifice
550 640 593 681 p.
621 629 690 681 30,
717 629 743 668 5

284 756 397 787 nam
431 745 502 798 (=
536 741 604 799 δέ)
637 758 680 799 p.
708 748 747 798 6,
775 748 823 799 73
857 748 925 797 11,
951 749 976 786 2

283 803 489 845 incertae
513 802 751 846 *naturae
775 817 818 858 p.
838 808 880 857 4,
898 807 946 857 4,
980 804 1080 846 erat

342 862 530 905 natura
553 861 850 904 turbulentus
871 876 914 917 p.
935 865 1004 917 35,
1025 866 1079 904 10

284 922 331 964 et
362 933 455 964 nec
485 920 601 975 ipsis
632 920 901 976 petentibus
938 936 981 976 p.
1010 925 1079 976 12,

343 986 390 1033 53
423 991 585 1033 neque
619 995 663 1035 p.
692 984 760 1034 24,
790 984 811 1021 1

283 1038 502 1082 *necatis
555 1054 598 1094 p.
640 1044 684 1091 1,
725 1043 772 1092 4,
827 1037 1080 1082 violentius

341 1097 537 1141 necatis
590 1096 783 1152 reliquis
837 1112 882 1153 p.
921 1102 997 1153 24,
1030 1102 1079 1153 4,

343 1156 491 1200 securi
523 1158 670 1200 necat
700 1171 743 1212 p.
770 1160 840 1211 28,
865 1161 893 1198 4

282 1229 365 1272 per
395 1215 563 1260 *nefas
595 1230 638 1271 p.
666 1219 736 1270 28,
755 1220 779 1258 9

283 1275 537 1329 negabant
573 1289 617 1330 p.
646 1279 722 1331 20,
754 1280 830 1330 12,
877 1274 1083 1329 negavit

343 1349 387 1390 p.
416 1338 484 1387 34,
515 1341 534 1376 l

282 1392 648 1447 nequissimum
665 1391 903 1436 hominem
916 1407 959 1448 p.
973 1397 1043 1448 23,
1055 1397 1080 1435 3

283 1451 533 1495 Aemiliam
583 1452 805 1496 nobilem
859 1451 1082 1495 feminam

342 1526 387 1567 p.
418 1515 464 1565 7,
494 1515 541 1565 2,
585 1511 721 1554 aedes
761 1510 1082 1555 nobilissima

341 1585 385 1626 p.
415 1574 461 1623 6,
495 1574 542 1624 8,
596 1569 906 1615 nobilissimi
951 1569 1083 1625 pueri

343 1644 386 1685 p.
417 1633 485 1683 13,
513 1632 567 1671 10

284 1701 378 1731 una
411 1688 665 1742 eademque
696 1687 843 1731 nocte
874 1702 917 1743 p.
939 1691 1007 1742 13,
1034 1691 1082 1741 83

347 1747 406 1790 ad
437 1747 635 1791 noctem
666 1762 710 1803 p.
740 1751 814 1801 18,
840 1751 888 1800 4,
929 1747 1082 1790 noctu

346 1821 390 1862 p.
416 1806 482 1860 *6,
510 1811 555 1860 1,
590 1810 659 1860 25,
685 1810 734 1860 4,
769 1810 839 1860 32,
867 1810 918 1848 11

287 1865 344 1908 de
368 1864 658 1910 nominibus
681 1864 918 1921 legionum
944 1866 1084 1919 atque

344 1923 549 1966 militum
596 1939 639 1980 p.
675 1929 723 1978 2,
751 1930 798 1977 1,
847 1923 1084 1966 Socratem

346 1983 546 2027 nomine
591 1998 635 2038 p.
663 1987 740 2037 29,
771 1987 818 2038 73
867 1981 1084 2026 Chrestus

347 2042 490 2085 etiam
515 2041 649 2097 quasi
673 2040 862 2085 meliore
883 2041 1085 2086 nomine

350 2101 408 2144 ab
442 2101 604 2144 eodem
635 2102 826 2144 vocatus
857 2116 901 2157 p.
928 2106 999 2155 30,
1025 2104 1050 2142 6

289 2159 620 2204 nominabant
649 2175 693 2215 p.
722 2164 760 2214 1,
787 2164 813 2203 8

289 2219 426 2262 corde
457 2231 665 2264 noscere
696 2234 740 2275 p.
767 2223 814 2272 8,
842 2223 889 2273 3,
921 2217 1084 2262 fioren-

346 2281 443 2321 tem
460 2277 665 2321 victoriis
682 2277 891 2321 *norant
913 2292 956 2333 p.
975 2281 1042 2331 17,
1058 2281 1083 2319 2

287 2337 459 2381 notari
491 2336 693 2380 carmine
724 2352 768 2392 p.
798 2342 865 2391 15,
893 2340 918 2378 3

288 2409 338 2439 re
362 2408 490 2441 nova
514 2400 699 2451 p.23,9;
729 2396 896 2439 *novis
920 2399 1083 2450 p.24,7

290 2468 338 2498 se
384 2455 440 2498 de
487 2454 725 2498 conventis

347 2514 521 2557 turum
553 2528 597 2569 p.
625 2518 694 2569 26,
722 2518 746 2556 9

290 2572 470 2616 noxios
500 2587 544 2628 p.
572 2578 641 2628 24,
667 2578 694 2615 4

292 2631 348 2675 de
394 2631 622 2675 numeris
669 2631 906 2686 legionum
946 2632 1086 2685 atque

349 2690 552 2732 militum
599 2705 642 2745 p.
671 2695 718 2743 2,
755 2696 799 2744 13
850 2689 1086 2732 columnas

352 2748 533 2805 aliquot
555 2760 764 2792 numero
788 2763 831 2804 p.
850 2753 889 2801 6,
905 2751 952 2802 8,
983 2762 1087 2791 011111

350 2807 478 2851 1111110
525 2807 707 2850 circiter
745 2818 954 2851 numero
993 2806 1088 2850 col-

352 2866 486 2910 lectis
511 2881 556 2922 p.
582 2871 650 2920 16,
669 2871 717 2921 43
741 2866 973 2910 *numero
1000 2865 1087 2908 cir-

353 2925 468 2969 citer
508 2926 665 2970 decem
703 2924 835 2967 milia
866 2940 908 2980 p.
937 2929 1012 2979 25,
1041 2929 1086 2979 1,

771 2454 891 2497 nihil
936 2465 1085 2499 nova-

1228 286 1421 327 quorum
1459 286 1551 316 non
1589 286 1757 329 parvus
1793 284 1963 317 nume-

1227 343 1319 374 rus
1338 333 1437 373 erat
1452 346 1496 387 p.
1511 336 1581 387 27,
1597 337 1644 387 3,
1671 333 1771 375 erat
1791 331 1839 373 in
1856 345 1964 387 pro-

1230 390 1506 445 scriptorum
1529 402 1738 435 numero
1762 406 1805 446 p.
1823 395 1892 444 32,
1909 395 1964 434 12

1169 448 1315 492 frater
1390 448 1645 493 *mortuus
1720 449 1966 492 nuntiatus

1229 523 1274 564 p.
1303 511 1341 562 7,
1370 511 1445 562 10,
1480 507 1662 564 signum
1695 508 1965 552 devolutum

1226 566 1499 610 nuntiatur
1527 581 1571 622 p.
1601 571 1669 621 13,
1694 572 1718 609 2

1171 625 1231 668 ad
1264 639 1399 680 quem
1429 625 1675 681 Pompeius
1706 626 1962 671 *nuntium

1227 699 1271 739 p.
1300 689 1369 738 22,
1396 689 1422 726 8

1169 801 1407 847 ¹*obiectis
1441 801 1627 845 cibariis
1652 816 1696 858 p.
1726 807 1796 857 16,
1823 806 1846 844 1

1169 860 1288 903 mira
1318 861 1429 904 tabe
1460 860 1616 905 *obiit
1645 876 1690 917 p.
1718 865 1787 916 22,
1816 866 1868 904 12

1172 919 1431 975 auspicium
1445 919 1681 975 superiore
1696 934 1804 963 casu
1817 919 1967 964 Mario

1231 979 1459 1023 oblatum
1489 994 1533 1034 p.
1562 983 1630 1035 15,
1657 984 1682 1022 6

1170 1040 1297 1082 metu
1329 1037 1611 1082 obsidionis
1642 1053 1686 1094 p.
1713 1043 1784 1092 32,
1811 1042 1866 1081 10
1946 1066 1948 1068 .

1170 1096 1390 1140 Milonius
1438 1096 1692 1141 occiditur
1735 1112 1781 1153 p.
1810 1102 1885 1153 18,
1919 1101 1967 1153 33

1229 1155 1390 1198 multis
1415 1155 1598 1200 occisis
1622 1171 1666 1212 p.
1689 1160 1756 1210 19,
1784 1161 1830 1211 1,
1853 1170 1967 1212 pau-

1231 1228 1307 1257 cos
1347 1214 1535 1259 occidit
1572 1230 1615 1271 p.
1643 1218 1719 1269 20,
1748 1220 1824 1269 10,
1862 1215 1966 1259 *00-

1232 1273 1366 1318 cisus
1390 1288 1434 1329 p.
1451 1278 1521 1329 24,
1539 1278 1585 1327 1;
1609 1273 1827 1317 Archelai
1843 1273 1967 1317 filius

1231 1332 1429 1376 occisus
1485 1347 1529 1388 p.
1572 1337 1647 1386 25,
1688 1338 1736 1387 4,
1800 1333 1968 1377 occisa

1233 1404 1387 1434 sorore
1417 1406 1460 1446 p.
1488 1395 1558 1446 30,
1582 1396 1630 1446 93
1663 1391 1827 1435 occiso
1860 1390 1966 1434 Car-

1230 1450 1351 1493 bone
1389 1465 1432 1506 p.
1461 1453 1540 1504 32,
1566 1453 1613 1504 5,
1655 1449 1968 1505 compluribus

1232 1508 1414 1553 occisis
1445 1524 1490 1564 p.
1519 1513 1588 1562 34,
1614 1512 1639 1551 9

1175 1567 1369 1611 Sallusti
1408 1582 1524 1623 opus
1563 1566 1699 1611 nobis
1743 1567 1970 1612 occurrit

1173 1642 1363 1742 plffrimi
1412 1687 1623 1728 auctores
1667 1685 1971 1731 omittebant

1232 1760 1275 1801 p.
1311 1750 1357 1799 1,
1393 1749 1439 1799 8,
1489 1743 1544 1787 de
1596 1744 1831 1799 equitibus
1877 1757 1970 1787 non

1233 1803 1464 1847 omittam
1483 1807 1574 1858 p.2,
1587 1807 1632 1856 33
1659 1803 1808 1846 multa
1830 1803 1970 1846 mira-

1231 1862 1350 1905 bilia
1365 1862 1667 1906 *omittenda
1683 1861 1968 1917 existimavi3

1232 1935 1327 1965 non
1364 1921 1455 1964 fuit
1495 1921 1827 1966 omittendum
1857 1936 1901 1977 p.
1928 1925 1969 1977 9,

1235 1985 1258 2023 7
1273 2001 1283 2036 3
1309 1981 1598 2024 omittemus
1622 1995 1666 2036 p.
1684 1984 1752 2034 33,
1769 1985 1816 2036 9,
1841 1993 1969 2024 111011-

1233 2042 1303 2084 tes
1335 2039 1508 2084 omisit
1538 2043 1678 2095 p..35,
1706 2043 1728 2082 7

1176 2112 1223 2142 se
1262 2101 1402 2142 noctu
1440 2098 1489 2141 in
1527 2097 1791 2154 *operibus
1822 2096 1969 2141 conti-

1233 2158 1410 2200 nebant
1439 2173 1482 2214 p.
1509 2161 1580 2212 25,
1605 2162 1630 2200 5

1176 2217 1454 2273 opplendae
1467 2218 1575 2259 sunt
1588 2215 1827 2259 chartulae
1835 2231 1879 2272 p.
1891 2219 1932 2270 8,
1945 2220 1967 2258 1

1176 2290 1280 2319 cum
1297 2290 1345 2319 se
1371 2275 1506 2332 quasi
1530 2287 1823 2331 oppressum
1850 2288 1971 2317 com-

1234 2335 1477 2378 mendaret
1511 2349 1555 2390 p.
1585 2339 1653 2389 17,
1679 2338 1703 2376 3

1176 2406 1302 2450 opus
1349 2393 1451 2437 fuit
1495 2395 1653 2436 nostro
1704 2392 1841 2436 corde
1889 2404 1970 2435 no-

1236 2466 1360 2497 scere
1391 2468 1434 2508 p.
1461 2455 1501 2508 8,
1521 2457 1546 2494 3

1175 2511 1306 2555 missi
1338 2525 1419 2568 per
1451 2523 1566 2555 oras
1593 2509 1758 2553 Italiae
1790 2523 1834 2564 p.
1856 2512 1968 2563 14,5

1177 2586 1281 2614 cum
1306 2570 1585 2626 Caepionem
1609 2568 1806 2613 orasset
1835 2582 1879 2624 p.
1901 2572 1970 2622 11,

1237 2634 1284 2678 8:
1334 2629 1595 2686 oraverat,
1643 2630 1696 2670 ut
1732 2642 1775 2683 p.
1811 2631 1886 2682 16,
1922 2631 1967 2680 2,

1237 2688 1508 2733 oraverant
1538 2702 1581 2742 p.
1609 2691 1679 2740 20,
1704 2690 1729 2727 2

1178 2747 1344 2791 oratio
1376 2762 1420 2803 p.
1447 2750 1516 2800 34,
1542 2751 1566 2788 3

1178 2807 1432 2850 oratorem
1463 2820 1507 2860 p.
1535 2809 1605 2858 33,
1633 2808 1686 2846 10

1179 2865 1235 2908 de
1268 2863 1533 2908 ordinibus
1559 2862 1797 2919 legionum
1830 2863 1970 2916 atque

1236 2923 1438 2966 militum
1452 2938 1494 2978 p.
1507 2927 1546 2977 2,
1561 2927 1604 2977 1,
1621 2921 1798 2964 ordine
1807 2935 1850 2976 p.
1862 2925 1931 2975 26,
1943 2923 1969 2962 8
