2094 3140
250 114 313 158 VI
909 112 1258 157 PRAEFATIO.

247 256 467 314 tertiam,
517 269 664 314 quam
705 251 758 299 G.
794 251 1016 299 Gamozzi
1062 254 1274 313 curavit,
1323 252 1549 300 adhibere
1594 254 1714 301 satis
1753 253 1918 302 habui.

249 328 426 376 Omnes
467 326 828 374 emendationes
869 342 898 373 a
937 326 1254 386 doctissimis,
1303 341 1422 388 quos
1470 341 1618 388 supra
1666 327 1789 387 dixi,
1835 327 1922 374 ho-

246 402 460 450 minibus
494 401 670 448 allatas
704 399 1075 462 diligentissime
1109 400 1449 447 examinabam
1481 416 1536 448 ac
1569 400 1609 448 si
1643 417 1767 462 quae
1798 401 1922 447 mihi

245 475 523 538 probabiles
563 476 697 521 visae
742 475 902 534 erant,
948 475 1002 520 in
1049 476 1329 521 contextum
1373 474 1690 534 recipiebam,
1737 475 1920 522 multas

246 565 396 597 novas
435 550 539 610 ipse
578 547 886 608 proferebam
925 548 1187 595 collatione
1222 546 1271 595 G.
1300 547 1484 595 Pertzii
1514 548 1648 595 nisus
1689 550 1738 595 et
1769 550 1920 609 scrip-

245 626 386 670 turae
425 623 660 682 reliquias
701 622 1036 669 acuratissime
1085 622 1330 669 excutiens
1372 623 1421 668 et
1458 622 1720 682 respiciens
1761 624 1811 668 et
1850 621 1922 668 di-

246 697 496 744 vinatione
530 694 743 755 quadam
773 694 1032 743 verborum
1065 696 1347 742 contextum
1380 696 1428 742 et
1458 711 1622 742 rerum
1653 710 1922 743 connexum

247 771 535 818 coniectans.
1866 827 1870 830 γ

356 843 467 890 Non
519 842 691 905 ignoro
748 842 943 903 quidem
995 843 1181 889 maiore
1231 858 1308 889 me
1362 857 1715 903 nonnunquam
1768 843 1920 890 fuisse

247 917 455 965 audacia
501 916 729 976 fortasse,
779 932 926 976 quam
973 931 1097 977 quae
1146 916 1370 963 omnibus
1417 915 1663 976 probetur.
1741 914 1809 962 At
1849 918 1922 963 est

249 993 433 1050 auctor,
474 1006 569 1051 quo
609 990 661 1036 in
701 989 1002 1038 emendando
1043 1005 1208 1037 omnes
1247 991 1479 1050 rationes,
1519 1004 1640 1051 quas
1675 989 1922 1036 existima-

243 1067 374 1113 tores
427 1066 480 1111 in
541 1063 860 1125 scriptoribus
914 1063 1164 1112 veteribus
1226 1063 1501 1111 iudicandis
1555 1064 1695 1125 sequi
1749 1063 1921 1124 solent,

244 1141 499 1199 tamquam
538 1140 594 1185 ut
633 1137 695 1185 ad
735 1138 961 1198 scopulos
1001 1137 1273 1184 allidantur
1313 1140 1362 1184 et
1393 1137 1702 1198 dirimantur,
1742 1152 1837 1198 quo
1869 1137 1922 1183 in

245 1212 461 1260 sanando
500 1211 633 1259 haud
671 1212 770 1259 scio
811 1227 874 1258 an
911 1212 1002 1258 illa
1038 1212 1231 1259 ratione
1271 1227 1328 1259 ac
1358 1212 1442 1259 via
1472 1211 1546 1258 uti
1577 1226 1675 1258 non
1707 1211 1923 1258 alienum

246 1288 324 1347 sit,
366 1301 514 1347 quam
552 1285 730 1332 medici
771 1283 944 1334 Graeci
982 1284 1118 1332 κάειν
1164 1281 1246 1332 καὶ
1290 1281 1480 1347 τέμνειν
1520 1285 1770 1346 appellare
1810 1300 1920 1332 con-

244 1361 518 1408 sueverant.
633 1372 635 1374 ·

356 1433 414 1480 In
453 1427 741 1494 apparatu
788 1427 999 1481 critico
1047 1449 1145 1480 non
1190 1432 1336 1480 modo
1384 1432 1561 1479 codicis
1610 1433 1921 1493 scripturam,

246 1509 487 1569 quantum
525 1508 647 1554 mihi
687 1506 749 1554 ad
789 1507 1152 1554 emendationes
1192 1505 1549 1554 confirmandas
1590 1507 1639 1552 et
1678 1506 1922 1567 explican-

246 1582 332 1628 das
372 1596 494 1642 opus
536 1596 637 1628 esse
676 1580 959 1641 videbatur,
998 1580 1081 1629 sed
1122 1581 1273 1628 etiam
1312 1596 1392 1628 eas
1433 1579 1759 1639 coniecturas,
1800 1594 1920 1640 quas

244 1657 298 1702 in
346 1657 627 1702 contextum
672 1654 975 1716 recipiendas
1022 1670 1120 1702 non
1160 1669 1261 1701 esse
1300 1653 1558 1715 putabam,
1606 1653 1834 1716 religiose
1874 1654 1923 1700 et

246 1729 510 1792 diligenter
555 1730 699 1790 posui
746 1730 795 1775 et
834 1728 875 1775 si
916 1744 1040 1789 quae
1084 1728 1390 1775 coniecturae
1431 1744 1460 1775 a
1498 1743 1574 1774 me
1613 1728 1720 1787 ipso
1760 1727 1922 1774 factae

243 1805 297 1850 in
344 1804 623 1850 contextum
677 1803 890 1850 insertae
944 1803 1105 1862 erant,
1161 1817 1372 1863 quarum
1428 1800 1827 1849 consuetudinem
1874 1801 1925 1847 et

244 1893 409 1937 usum,
450 1893 560 1923 cum
597 1893 697 1924 non
734 1878 787 1923 in
827 1878 996 1937 aperto
1041 1891 1143 1923 esse
1182 1875 1487 1935 viderentur,
1535 1874 1779 1922 edocenda
1818 1889 1922 1922 6886

245 1951 432 2010 censui,
478 1951 762 1998 testimonia
809 1966 865 1997 ex
913 1950 1122 1998 aliorum
1168 1950 1464 2011 scriptorum
1512 1949 1808 1996 auctoritate
1846 1963 1921 1995 re-

244 2024 403 2086 petita
443 2024 612 2071 eodem
651 2023 812 2071 attuli.

356 2097 617 2145 Praeterea
655 2097 785 2145 inter
824 2099 1105 2145 contextum
1145 2098 1193 2143 et
1215 2098 1522 2158 vapparatum
1557 2095 1782 2143 criticum
1820 2103 1919 2143 eos

247 2166 505 2220 aliorum
545 2166 907 2233 scriptorum
945 2166 1134 2234 locos,
1183 2178 1330 2230 quae
1378 2164 1450 2217 ad
1488 2177 1584 2217 res
1627 2179 1661 2216 a
1701 2161 1921 2218 Granio

246 2239 554 2293 Liciniano
595 2239 816 2293 relatas
855 2238 1178 2307 pertinent,
1219 2243 1523 2292 adnotandos
1558 2258 1659 2290 esse
1691 2242 1922 2303 iudicavi,

246 2320 461 2380 primum
508 2319 726 2380 quidem,
779 2319 910 2380 quod
954 2318 1087 2366 haud
1134 2319 1337 2381 exiguae
1384 2317 1748 2365 emendationes
1796 2319 1845 2364 et
1891 2331 1922 2363 a

247 2394 420 2440 ceteris
460 2393 875 2441 existimatoribus
915 2394 964 2440 et
1004 2408 1033 2440 a
1070 2408 1148 2439 me
1189 2393 1371 2439 allatae
1409 2391 1510 2439 illis
1550 2392 1717 2438 fulciri
1755 2390 1922 2438 viden-

245 2468 342 2526 tur,
382 2466 553 2513 deinde
594 2467 725 2527 quod
762 2467 944 2514 multos
975 2467 1121 2526 locos,
1161 2468 1217 2512 ut
1249 2468 1323 2514 est
1354 2467 1512 2513 oratio
1547 2466 1688 2526 quasi
1711 2463 1923 2524 abrupta

248 2542 298 2587 et
343 2540 553 2599 abscisa,
607 2556 706 2587 non
757 2540 903 2602 plane
956 2540 1215 2603 intellegas
1270 2540 1368 2586 nisi
1412 2539 1513 2587 illis
1561 2538 1920 2596 collustrentur,

246 2615 493 2675 postremo
525 2613 657 2675 quod
688 2614 880 2675 aliquot
911 2615 1167 2660 enuntiata
1198 2612 1366 2676 magni
1397 2612 1634 2659 momenti
1663 2611 1787 2657 mihi
1819 2626 1921 2658 esse

247 2687 496 2748 videntur,
544 2687 671 2733 unde
719 2702 838 2747 quos
886 2687 948 2734 ad
993 2688 1152 2735 fontes
1201 2685 1354 2734 Grani
1395 2685 1642 2733 Liciniani
1686 2684 1803 2731 libri
1847 2700 1921 2732 re-

247 2760 436 2808 ferendi
475 2762 573 2808 sint
612 2762 899 2808 excutiatur.

357 2833 428 2881 Ac
469 2834 526 2881 de
559 2827 827 2881 fontibus
858 2834 1003 2882 huius
1035 2834 1264 2895 scriptori
1296 2848 1406 2880 cum
1438 2848 1466 2879 a
1501 2830 1752 2879 Oamozzio
1786 2831 1922 2879 aliis-

249 2924 342 2969 que
380 2909 488 2955 tum
527 2924 556 2955 a
595 2907 950 2955 Dieckmannio
991 2906 1308 2955 subtilissime
1353 2908 1401 2954 et
1439 2905 1717 2954 doctissime
1758 2905 1923 2966 dispu-
