2094 3140
268 107 341 157 44
665 106 855 149 INDEX
887 106 1181 150 NOMINUM
1212 106 1289 149 ET
1320 107 1547 151 RERUM.

267 239 556 295 provincia3
612 238 767 282 Gallia
825 238 1063 294 Cisalpina

328 298 483 341 Sullae
518 299 655 340 datur
685 313 728 354 p.
756 303 825 350 32,
854 303 908 341 14

267 357 448 412 pugi03
487 357 659 413 Papius
703 356 898 399 Mutilus
929 357 1064 413 pugi-

327 416 428 459 onis
447 415 619 459 auxilio
637 430 746 458 usus
765 418 834 458 est
853 430 897 471 p.
918 420 988 471 32,
1009 420 1062 458 13

269 534 546 588 quadrigae
613 533 832 576 falcatae
896 547 924 576 a
977 533 1063 576 Mi-

326 593 532 694 thr2idat³e
557 592 606 634 in
633 592 866 648 Europam
889 592 1058 635 missae

325 667 368 708 P·
426 657 466 706 4,

267 769 574 822 *recognitio
660 769 762 825 agri
838 768 1062 825 Campani

267 843 540 931 Rlibdanus
572 886 743 930 flumen
780 900 808 929 a
833 886 1064 942 Caepione

325 946 549 989 traiectus
581 961 624 1001 p.
654 951 721 1001 11,
750 950 805 989 10

267 1005 467 1059 rogatio
499 1005 547 1048 L.
576 1005 815 1047 Saturnini
854 1020 898 1061 p.
921 1009 990 1060 13,
1009 1009 1063 1048 13

267 1076 448 1120 rogus3
465 1063 690 1107 *Aemilia
702 1063 873 1107 nobilis
890 1063 1066 1107 femina

326 1137 439 1180 rogo
457 1123 711 1179 imponitur
734 1138 778 1179 p.
801 1128 839 1178 7,
858 1129 906 1178 33
930 1123 1065 1166 miles

327 1182 519 1239 Pompei
564 1182 724 1238 fratri,
779 1181 859 1238 qui
905 1196 1065 1239 pugna
1113 1195 1122 1208 ’

328 1241 388 1284 ad.
419 1241 678 1284 Ianiculum
714 1241 961 1284 commissa
993 1255 1065 1284 ce-

329 1301 519 1354 ciderat,
536 1314 701 1357 rogum
717 1300 915 1344 exstruit
930 1315 974 1356 p.
993 1305 1064 1356 20,

328 1364 376 1414 43
411 1359 566 1403 Sullae
598 1374 737 1416 rogus
769 1375 813 1415 p.
841 1364 911 1415 33,
938 1364 963 1402 6

267 1419 426 1464 Roma
436 1431 453 1473 3
506 1419 764 1462 Antiochus
802 1418 879 1462 IV.
956 1417 1066 1474 Epi-

327 1477 504 1534 phanes
535 1477 645 1521 inde
679 1476 933 1520 dimittitur
959 1492 1003 1533 p.
1023 1482 1064 1533 4,

330 1542 377 1591 13
410 1550 438 1579 a
465 1536 715 1590 Demetrio,
748 1536 929 1580 Seleuci
951 1535 1063 1592 filio,

326 1595 482 1652 patria
508 1594 807 1651 praedicatur
829 1611 875 1651 p.
897 1599 967 1650 10,
987 1600 1063 1649 103

329 1655 541 1698 Socrates
574 1654 791 1698 Chrestus
823 1654 957 1710 regni
989 1667 1064 1697 ex-

328 1713 520 1770 petendi
539 1726 680 1757 causa
705 1727 758 1756 eo
782 1713 912 1756 venit
931 1728 974 1769 p.
995 1717 1065 1767 30,

331 1779 378 1827 6;
425 1773 473 1816 111
514 1786 678 1828 campo
721 1773 895 1815 Romae
937 1772 1067 1815 Sulla

329 1832 539 1888 sepultus
571 1835 643 1876 est
672 1847 716 1888 p.
743 1836 813 1886 33,
838 1836 866 1873 4

270 1891 499 1935 Rutilius
533 1891 615 1948 (P.
642 1891 855 1948 Rufus),
889 1890 1066 1933 *rerum

331 1949 527 2006 scriptor
557 1965 600 2006 p.
623 1955 661 2004 1,
682 1955 727 2004 13
756 1954 823 2004 12,
851 1955 926 2003 123
960 1963 1066 1992 con-

332 2009 403 2052 sul
443 2012 490 2052 et
528 2009 710 2065 collega
741 2008 893 2052 Mallii
933 2008 1066 2052 clade

331 2083 359 2111 a
397 2068 619 2112 Romanis
659 2068 719 2111 ad
758 2066 1067 2111 Arausionem

332 2130 526 2183 accepta
555 2141 628 2171 res
651 2127 865 2183 providet
887 2142 929 2182 p
952 2131 1064 2182 14,1

274 2244 467 2304 Sabini,
495 2259 607 2312 gens
631 2244 818 2299 113113ος
850 2244 1068 2301 prodigia-

332 2304 442 2347 inde
453 2275 752 2347 nuntiantur
781 2319 824 2360 p.
855 2308 923 2359 13,
949 2309 973 2346 2

277 2363 610 2429 sacrificium3
642 2365 881 2406 matronae
906 2362 1070 2406 eodem

334 2422 510 2465 somnio
557 2421 762 2465 monitae
807 2421 1070 2465 sacrificant

273 2539 623 2594 ‘sacrilegium
656 2539 715 2583 ab
743 2539 975 2583 Antiocho
991 2538 1067 2582 IV.

332 2598 573 2654 Hierapoli
597 2598 891 2641 commissum
917 2613 960 2654 p.
984 2602 1023 2653 6,
1041 2603 1068 2641 4

277 2656 572 2715 Sallustius,
585 2670 738 2700 rerum
751 2657 962 2713 scriptor,
975 2671 1067 2699 non

334 2719 388 2759 ut
417 2715 680 2771 historicus,
718 2717 798 2759 sed
830 2719 884 2759 ut
914 2718 1070 2759 orator

334 2775 558 2831 legendus
587 2789 631 2830 p.
659 2779 729 2827 33,
756 2780 782 2818 8

278 2834 511 2890 saltatim
536 2833 793 2877 Antiochus
809 2834 884 2878 IV.
917 2833 1069 2876 nudus

337 2893 482 2936 saltat
511 2908 555 2949 p.
585 2898 624 2947 5,
652 2898 673 2935 1

1157 237 1405 283 Samnites
1461 254 1488 283 a
1527 240 1674 284 Cinna
1711 254 1795 297 per
1843 240 1949 284 Fla-

1212 299 1337 341 vium
1372 298 1627 342 Fimbriam
1667 299 1812 356 copiis
1853 301 1948 344 suis

1212 357 1470 414 iunguntur
1509 358 1742 403 abnuente
1783 361 1949 402 senatu

1213 415 1473 471 civitatem,
1529 431 1671 472 quam
1723 418 1951 474 petebant

1211 491 1256 531 p.
1285 479 1361 531 20,
1390 480 1465 529 123
1512 475 1594 530 qui
1638 476 1787 520 Nolae
1827 479 1951 533 sunt,

1214 548 1262 577 se
1295 534 1473 577 dedunt
1502 533 1723 578 Romanis
1748 551 1791 592 p.
1810 541 1880 592 32,
1900 541 1925 579 9

1153 591 1461 637 Saturninus
1538 593 1616 650 (L.
1657 594 1949 652 Apuleius);

1212 652 1310 695 eius
1335 652 1532 708 rogatio,
1558 665 1612 695 ex
1631 667 1724 707 qua
1740 652 1817 696 Cn.
1838 653 1950 698 Cae-

1211 711 1290 766 pio
1324 711 1573 754 damnatur
1603 726 1646 767 p.
1675 716 1825 767 13,13

1156 768 1377 814 Scaurus
1425 771 1514 826 (Μ.
1544 770 1834 829 Aurelius),
1882 770 1952 814 vir

1215 828 1485 883 consularis,
1512 842 1539 871 a
1564 828 1760 872 Cimbris
1786 831 1953 909 captus

1211 887 1491 931 interficitur
1519 903 1564 944 p.
1594 893 1711 942 11,1

1153 946 1347 1003 *Scipio
1381 947 1462 1004 (P.
1489 925 1803 1005 Cornelius);
1851 947 1952 990 eius

1212 1005 1326 1048 villa
1357 1021 1399 1062 p.
1429 1010 1468 1061 9,
1494 1011 1522 1048 4

1156 1065 1349 1110 securis
1358 1078 1376 1121 3
1393 1064 1628 1121 principes
1644 1064 1953 1120 Ephesiorum

1215 1138 1243 1168 a
1305 1123 1434 1166 Sulla
1511 1125 1659 1168 securi
1728 1126 1954 1167 necantur

1213 1198 1257 1255 p
1284 1188 1353 1238 28,
1380 1188 1405 1226 3

1156 1243 1394 1301 σείραιοι
1419 1242 1575 1299 (equi),
1607 1242 1657 1284 in
1689 1241 1951 1285 simulacris

1216 1300 1418 1344 Castoris
1451 1303 1499 1344 et
1527 1300 1731 1344 Pollucis
1763 1316 1807 1357 p
1835 1305 1875 1355 2,
1901 1305 1927 1344 8

1156 1361 1362 1404 senator
1390 1375 1434 1416 p
1462 1364 1531 1415 19,
1557 1364 1582 1402 5

1156 1420 1359 1464 senatus
1381 1420 1660 1463 Romanus·
1644 1449 1661 1474 ,
1686 1418 1735 1462 P.
1754 1417 1956 1462 Lentulo

1214 1477 1459 1534 permittit,
1492 1479 1546 1521 ut
1569 1492 1732 1535 agrum
1758 1476 1956 1533 Campa-

1214 1552 1325 1580 num
1358 1539 1539 1580 coemat
1576 1551 1620 1593 p.
1649 1541 1688 1590 9,
1716 1540 1764 1590 8;
1806 1550 1834 1579 3
1863 1536 1954 1579 De-

1214 1596 1394 1650 metrio,
1430 1595 1611 1639 Seleuci
1642 1595 1751 1651 filio,
1784 1609 1956 1652 parens

1214 1654 1483 1698 nominatur
1512 1670 1556 1710 p.
1586 1659 1660 1709 10,
1689 1659 1764 1708 12,
1803 1653 1958 1698 mittit

1215 1714 1398 1772 legatos
1432 1715 1491 1757 ad
1522 1691 1738 1756 Mallium
1770 1716 1816 1756 et
1841 1713 1957 1757 Cae·

1214 1773 1402 1829 pionem
1424 1788 1468 1828 p.
1491 1778 1625 1827 12,1;
1657 1772 1954 1828 *Pompeium

1217 1832 1494 1875 Strabonem
1541 1807 1674 1875 iub’et
1719 1845 1815 1874 rem
1869 1846 1957 1887 pu·-

1215 1890 1390 1934 blicam
1415 1891 1637 1934 adiuvare
1664 1906 1708 1946 p.
1729 1895 1799 1945 18,
1818 1896 1864 1944 13
1889 1890 1958 1933 le-

1217 1952 1351 2006 gatos
1408 1951 1468 1993 ad.
1509 1949 1751 1993 Metellum
1805 1949 1960 1994 mittit-

1215 2025 1259 2065 p.
1294 2013 1370 2065 20,
1406 2015 1452 2063 1;
1509 2007 1794 2052 Samnitibus
1842 2007 1955 2051 civi-

1217 2070 1365 2111 tatem
1386 2067 1551 2111 abnuit
1566 2083 1609 2124 p.
1631 2071 1702 2122 20,
1721 2072 1796 2122 113
1824 2080 1956 2110 aver-

1218 2130 1346 2170 satur
1377 2126 1550 2170 Cinnae
1591 2140 1779 2169 causam
1818 2141 1861 2182 p.
1882 2130 1956 2182 20,

1219 2191 1265 2240 63
1298 2188 1427 2230 vetat
1459 2185 1671 2229 consules
1696 2199 1827 2228 arma
1855 2199 1955 2228 mo-

1215 2259 1397 2301 verep.
1426 2250 1503 2301 35,
1539 2250 1584 2299 73
1625 2259 1663 2288 v.
1699 2247 1757 2288 et.
1799 2258 1832 2288 s.
1873 2257 1956 2300 pa-

1218 2306 1311 2348 tles

1161 2362 1420 2407 Sertorius
1445 2361 1525 2422 (Q.
1529 2364 1550 2420 )
1583 2361 1793 2405 Mariano
1829 2361 1955 2405 bello

1219 2421 1441 2466 exercitui
1493 2423 1678 2478 praeest
1733 2419 1955 2476 auspiciis

1219 2481 1451 2537 Cinnaep
1469 2486 1537 2535 17,
1553 2485 1600 2523 5·
1590 2478 1954 2534 ,cumPompeio

1220 2540 1446 2583 Strabone
1497 2538 1706 2595 confligit
1735 2553 1780 2594 p.
1809 2542 1878 2591 18,
1904 2542 1953 2594 6,

1217 2599 1266 2642 in
1290 2613 1448 2656 pugna
1465 2599 1548 2642 sub
1565 2597 1771 2641 Ianiculo
1794 2598 1954 2639 monte

1218 2657 1346 2701 facta
1391 2657 1563 2701 milites
1602 2655 1796 2698 Milonio
1844 2654 1952 2697 duci

1219 2716 1426 2759 subsidio
1457 2715 1606 2759 mittit
1635 2730 1678 2770 p.
1707 2719 1774 2768 19,
1800 2719 1826 2756 4

1162 2774 1411 2819 Servilius
1457 2775 1583 2830 apud
1622 2772 1883 2816 Ariminum
1926 2786 1956 2815 3

1219 2834 1368 2876 Mario
1392 2833 1582 2889 fugatur
1605 2848 1648 2888 p.
1676 2837 1746 2886 20,
1772 2836 1819 2887 93
1847 2845 1954 2875 con-

1221 2892 1291 2935 sul
1322 2908 1363 2948 p.
1393 2897 1461 2946 32,
1488 2897 1513 2935 8
