2094 3140
801 122 1162 167 PRAEFATIO.
1741 124 1827 168 XV

255 283 302 328 p.
330 266 384 323 8,
421 266 448 312 7
500 257 613 329 Qui
661 271 794 311 cum
839 258 1157 324 augurales
1203 258 1394 312 libros
1433 258 1683 327 legeret]
1725 279 1825 311 non

143 341 324 388 iactem
360 339 490 386 hunc
534 338 695 385 locum
734 336 1012 385 foedissime
1044 338 1332 384 mutilatum
1364 353 1394 384 a
1424 353 1502 384 me
1533 338 1823 384 restitutum

145 428 269 473 esse,
314 415 480 459 tamen
527 415 721 473 partem
770 411 990 472 aliquam
1037 411 1318 459 emendasse
1365 411 1489 458 mihi
1534 410 1705 458 videor
1743 427 1826 458 ve-

144 486 306 550 stigiis
338 486 610 546 scripturae
643 485 1008 533 accuratissime
1039 487 1322 547 perspectis.
1385 485 1558 546 Neque
1590 500 1706 532 vero
1737 501 1824 546 pa-

141 562 231 620 tet,
271 575 367 621 quo
406 558 552 607 modo
591 558 671 606 hic
702 558 837 606 100113
878 573 989 606 011111
1020 573 1092 619 00,
1133 560 1219 620 qui
1251 558 1512 618 antecedit,
1551 559 1824 607 cohaereat.

142 633 273 681 Nam
320 632 595 681 Gracchum
643 632 783 680 illam
822 633 1088 694 epistulam
1135 648 1192 680 ex
1233 631 1403 680 Sicilia
1453 632 1517 680 ad
1563 631 1827 695 collegium

144 723 387 770 augurum
432 707 622 754 misisse
668 707 874 754 constat.
960 705 1121 763 Quare
1173 720 1448 768 propensus
1504 706 1597 754 sim
1646 708 1824 768 putare

143 781 433 842 scriptorem
479 780 750 844 digressum
797 780 956 828 facere
1005 779 1065 827 ab
1113 781 1346 828 continua
1393 781 1616 828 oratione
1655 779 1827 827 eodem

143 855 295 902 ferme
349 854 517 914 modo,
581 869 676 915 quo
730 853 887 901 vitam
938 853 1176 901 Antiochi
1229 854 1503 916 Epiphanis
1567 856 1616 901 et
1668 855 1827 901 vitam

142 928 198 976 P.
226 927 427 976 Lentuli
463 945 510 989 p.
539 929 592 988 9,
621 928 650 974 6
693 927 950 989 descripsit
990 921 1073 993 (de
1112 928 1206 975 hac
1249 927 1493 975 scribendi
1530 929 1723 975 ratione
1764 928 1823 975 cf.

144 1002 256 1051 diss.
303 1017 463 1049 meam
501 1017 547 1063 p.
583 1002 651 1049 60
666 995 810 1067 sqq.).

254 1093 301 1138 p.
330 1077 412 1136 10,
448 1076 476 1121 7
518 1069 642 1122 vita
676 1067 942 1135 turpiter
970 1069 1244 1135 privatus
1285 1069 1396 1139 est]
1438 1074 1681 1137 Heptadis
1714 1091 1825 1122 con-

142 1151 331 1197 iectura
369 1148 514 1195 valde
544 1148 791 1195 refutatur
821 1149 1096 1210 scripturae
1126 1149 1367 1210 reliquiis.
1429 1149 1504 1196 De
1535 1152 1692 1197 morte
1723 1149 1824 1196 An-

141 1222 295 1270 tiochi
334 1223 393 1271 cf.
418 1220 546 1284 App.
575 1221 680 1283 Syr.
707 1222 791 1268 46.

252 1314 299 1359 p.
328 1298 418 1355 12,
453 1296 483 1343 5
530 1290 602 1343 ut
640 1289 952 1357 desperata
989 1304 1130 1357 pace
1169 1290 1367 1345 adorti
1414 1290 1539 1346 sint
1582 1290 1822 1357 postero

146 1365 263 1434 die]
307 1365 510 1432 ‘capta',
551 1369 682 1431 quod
719 1385 771 1417 se
808 1369 986 1433 legisse
1024 1369 1086 1416 H.
1111 1369 1254 1418 Pertz
1295 1369 1565 1430 confirmat,
1607 1369 1657 1418 G.
1681 1370 1824 1418 Pertz

143 1445 390 1505 ceterique
437 1445 675 1504 retinent,
722 1459 779 1491 ex
826 1445 1056 1491 contextu
1102 1443 1329 1492 submovi
1373 1446 1431 1490 ut
1467 1444 1614 1505 plane
1654 1444 1825 1492 obscu-

142 1535 276 1579 rum3
314 1518 509 1565 librarii
546 1518 888 1580 neglegentiae
927 1517 1124 1565 crimini
1161 1517 1452 1565 vertendum
1489 1518 1699 1565 videtur.

254 1609 302 1654 p.
324 1593 406 1651 12,
435 1593 462 1638 7
489 1585 684 1651 Neque
716 1584 927 1639 adduci
956 1586 1179 1656 potuit]
1205 1590 1516 1639 Dieckmann
1545 1592 1638 1640 hoc
1670 1608 1821 1639 enun-

142 1666 328 1713 tiatum
364 1665 622 1727 paululum
653 1681 806 1727 supra
835 1667 949 1727 post
981 1661 1178 1714 ‘voluit'
1210 1659 1279 1732 (v.
1310 1659 1364 1732 1)
1403 1666 1825 1728 transponendum

145 1741 321 1788 conset.
382 1739 586 1786 Minime
624 1755 755 1788 vero.
821 1738 1007 1786 Cimbri
1036 1742 1234 1801 postero
1270 1739 1348 1787 die
1388 1739 1551 1787 adorti
1589 1741 1704 1789 sunt
1735 1733 1822 1806 (sc.

145 1815 307 1862 033113
329 1812 506 1873 Μ31111,
538 1829 664 1874 quae
686 1813 906 1861 hostium
938 1814 1112 1861 castris
1135 1814 1370 1875 propiora
1402 1812 1578 1876 erant).
1642 1812 1823 1875 Caepio

143 1903 243 1935 non
287 1887 500 1934 multum
547 1887 717 1934 aberat
762 1902 920 1948 neque
958 1903 1074 1935 vero
1114 1887 1367 1935 simultate
1409 1886 1623 1949 quadam
1660 1889 1822 1936 motus

145 1961 323 2009 adduci
352 1961 532 2022 potuit,
563 1962 621 2007 ut
651 1961 919 2008 exercitum
948 1959 1178 2023 iungeret
1207 1954 1291 2026 (cf.
1317 1961 1430 2009 diss.
1454 1977 1616 2009 meam
1638 1978 1685 2023 p.
1715 1955 1821 2028 18).

254 2051 301 2096 p.
331 2035 423 2094 13,
457 2035 486 2081 3
530 2041 644 2092 quo
671 2067 854 2083 .....
880 2028 1010 2081 ludi
1049 2028 1226 2099 sacri]
1269 2034 1471 2094 excidit,
1509 2038 1566 2083 ut
1610 2035 1823 2096 videtur,

142 2123 322 2156 nomen
351 2109 608 2170 proprium
641 2108 843 2169 aliquod
873 2109 961 2156 aut
991 2108 1103 2169 loci,
1143 2124 1240 2170 quo
1271 2108 1395 2169 1000,
1435 2111 1522 2157 aut
1552 2109 1645 2169 dei,
1684 2111 1822 2158 cuius

142 2181 343 2230 honoris
382 2196 530 2230 causa
566 2182 672 2228 ludi
709 2183 867 2229 futuri
905 2184 1057 2229 erant.

254 2272 301 2317 p.
331 2256 422 2315 13,
456 2256 485 2302 5
527 2250 827 2305 morsibus
863 2250 1089 2304 multos
1128 2249 1427 2321 invadere]
1461 2258 1706 2319 scriptura
1744 2272 1823 2305 co-

145 2328 266 2376 dicis
306 2331 539 2376 servetur.

254 2420 302 2464 p.
324 2404 405 2463 13,
434 2404 502 2451 10
526 2395 758 2467 Amata]
785 2402 978 2451 Vestali
1008 2419 1186 2452 nomen
1208 2403 1393 2452 Amata
1423 2404 1596 2454 mfuiss
1628 2407 1823 2453 emonet

144 2476 405 2524 Froehner.
483 2475 554 2524 Cf.
587 2476 787 2537 Preller,
825 2470 1005 2539 Myth.³
1037 2479 1084 2537 2,
1120 2479 1237 2525 161.

254 2567 301 2612 p.
331 2550 413 2610 15,
449 2553 476 2598 1
521 2544 868 2614 suasissent]
913 2565 976 2599 sc.
1016 2552 1236 2599 carmina
1276 2550 1533 2614 Sibyllina.
1597 2552 1670 2600 De
1710 2568 1822 2600 0011-

144 2639 271 2671 nexu
308 2640 472 2672 rerum
511 2625 570 2672 cf.
603 2624 714 2672 diss.
747 2640 907 2672 meam
945 2641 991 2687 p.
1026 2626 1095 2672 24
1110 2640 1180 2687 sq.

254 2714 302 2759 p.
330 2699 413 2758 17,
447 2699 477 2745 5
516 2692 827 2763 praefecit]
869 2699 938 2746 sic
977 2698 1081 2746 cod.
1120 2699 1270 2761 idque
1309 2701 1542 2748 servetur.

257 2788 303 2832 p.
333 2773 414 2833 19,
442 2775 469 2819 1
512 2766 685 2820 Marii
716 2766 906 2836 iussu]
938 2772 1224 2821 mutilatum
1255 2773 1471 2821 codicem
1510 2789 1696 2835 censeo,
1736 2775 1820 2836 qui

147 2843 363 2892 exhibet:
420 2841 1033 2894 ‘MARIUSIUGULATI'
1085 2847 1293 2895 fortasse
1338 2863 1427 2909 pro
1476 2843 1820 2895 ‘MARIHUS-

147 2916 581 2966 SUIUGULATI'.
