2094 3140
815 110 1186 156 ¹PRAEFATIO.
1782 112 1846 155 IX

171 253 451 301 coniectura
505 251 822 301 confirmatur
874 251 1187 314 potissimum
1248 251 1534 313 compendio
1590 249 1628 307 Q
1650 276 1681 299 ·.
1775 251 1846 300 Of.

172 326 287 375 diss.
326 340 487 374 meam
523 342 571 387 p.
606 326 701 374 45:
740 325 913 387 „Pertz
945 325 1159 374 schreibt
1190 323 1394 381 QUINQ
1414 349 1445 372 ·.
1510 324 1574 373 So
1606 325 1695 373 hat
1726 324 1848 374 Gra-

171 402 282 448 nius
323 399 440 448 aber
477 400 615 447 nicht
655 395 1055 463 ‘quinquaginta'
1097 399 1322 462 gekiirzt,
1365 398 1575 447 sondern
1615 399 1847 462 quinque.

171 473 352 522 Ferner
398 474 529 521 steht
577 490 667 522 vor
715 468 971 536 ‘peditum’
1022 466 1260 539 (Heptas)
1307 472 1418 534 TA,
1465 473 1542 520 die
1589 462 1849 521 Uberreste

171 547 510 595 zweifelsohne
557 548 688 596 eines
734 562 911 595 nomen
955 547 1227 607 numerale,
1275 547 1362 595 das
1409 547 1649 595 zwischen
1688 542 1847 609 ‘quin-

174 616 286 683 que'
326 620 428 668 und
467 617 727 683 ‘peditum'
759 620 1080 685 grosstontefls
1113 621 1418 684 ausgefallen
1448 622 1528 669 ist.
1589 621 1706 669 Nun
1738 623 1851 684 sagt

170 694 298 758 App.
324 694 410 742 Mi.
434 696 527 742 49:
561 691 682 743 ὀκτὼ
714 694 968 759 μυριάδων
999 693 1197 759 στρατὸς
1226 691 1464 758 ἤθροιστο
1491 732 1500 741 .
1527 733 1537 741 .
1565 733 1574 741 .
1603 733 1611 741 .
1637 694 1849 743 Granius

172 768 280 833 gibt
319 768 436 816 aber
474 769 612 817 nicht
650 769 727 816 die
768 767 1102 830 Gesamtzah13
1142 768 1270 816 denn
1311 765 1552 830 ‘peditum
1591 764 1848 831 equorum'

170 844 239 892 ist
275 843 414 891 nicht
451 842 735 906 notwendig
773 843 927 891 durch
964 842 1042 890 die
1080 842 1279 904 Kopula
1312 838 1444 904 ‘que’
1477 842 1762 891 verbunden
1792 859 1851 890 zu

173 916 376 964 denken.
456 913 536 964 ‘O’
586 917 776 965 scheint
821 917 907 964 der
945 917 1065 964 Rest
1111 915 1244 964 eines
1283 917 1585 965 Zahlwortes
1625 934 1683 964 zu
1723 917 1850 965 sein:

173 989 366 1039 O-U-V.
449 990 563 1054 Vgl.
609 991 771 1038 ferner
815 990 943 1053 App.
975 991 1007 1037 1.
1041 1005 1102 1038 0.;
1155 988 1238 1038 καὶ
1283 997 1380 1038 τῶν
1425 990 1670 1054 πολεμίων
1717 988 1850 1038 ἀπώ-

171 1067 314 1113 λοντο
354 1060 443 1127 μὲν
481 1061 611 1127 ἀμφὶ
656 1062 771 1122 τοὺς
810 1063 1016 1128 μυρίους
1053 1061 1136 1111 καὶ
1173 1064 1590 1129 πεντακισχιλίους
1626 1062 1709 1113 καὶ
1739 1063 1851 1113 τού-

171 1156 269 1186 των
307 1130 434 1201 ἦσαν
473 1133 530 1184 οὶ
567 1133 766 1204 μύριοι
805 1133 999 1196 ἱππεῖς
1031 1137 1247 1200 μάλιστα.
1316 1139 1434 1186 Nun
1471 1139 1596 1203 liegt
1633 1139 1720 1186 der
1759 1136 1851 1186 Ge-

171 1212 331 1259 danke
370 1211 518 1273 nahe,
558 1210 655 1259 dass
703 1211 781 1259 die
820 1212 1038 1260 Reiterei
1073 1213 1127 1258 in
1159 1213 1301 1274 jener
1341 1211 1573 1260 Schlacht
1621 1211 1852 1276 810311011-

170 1285 286 1334 teils
341 1285 555 1349 gefaflen
609 1286 701 1349 sei3
756 1285 849 1333 wir
900 1285 1098 1333 werden
1151 1286 1326 1334 darum
1377 1287 1529 1334 kaum
1578 1287 1853 1350 fehlgehen,

171 1375 315 1408 wenn
368 1361 461 1407 wir
515 1359 727 1407 dieselbe
782 1360 871 1407 auf
913 1375 983 1407 ca.
1027 1360 1205 1408 15000
1252 1360 1405 1408 Mann
1451 1361 1699 1409 schatzen.
1753 1359 1854 1407 Der

173 1433 338 1481 Strich
375 1433 498 1481 iiber
527 1433 784 1481 XV-kann
816 1433 1063 1481 entweder
1099 1449 1214 1482 vom
1243 1434 1570 1482 Abschreiber
1609 1434 1726 1482 oder
1755 1449 1854 1482 von

172 1507 315 1555 Pertz
354 1506 624 1555 iibersehen
662 1508 860 1555 worden
895 1508 1013 1555 sein.
1074 1507 1272 1555 Daraus
1304 1508 1466 1572 ergibt
1495 1509 1598 1556 sich
1630 1509 1700 1556 im
1729 1507 1854 1555 Hin-

171 1580 306 1629 blick
359 1581 451 1628 auf
497 1581 576 1629 die
621 1581 829 1645 Angabe
873 1581 1122 1643 Appians,
1177 1580 1273 1629 dass
1326 1584 1380 1630 in
1433 1582 1520 1630 der
1573 1584 1854 1646 genannten

172 1653 338 1703 Liicke
368 1656 462 1702 mit
484 1654 1017 1704 Wahrscheinlichkeit
1042 1651 1337 1720 ‘sexaginta'
1369 1673 1429 1703 zu
1459 1657 1713 1704 schreiben
1743 1653 1854 1704 ist.“

284 1728 474 1776 Deinde
514 1745 610 1777 non
650 1731 858 1791 mireris,
899 1729 1030 1791 quod
1069 1729 1318 1790 librarius,
1355 1731 1414 1778 ut
1452 1732 1527 1778 est
1564 1745 1741 1778 munus
1774 1730 1853 1778 de-

175 1802 419 1851 scribendi
465 1802 767 1852 laboriosum
814 1806 863 1851 et
907 1804 981 1864 id,
1030 1820 1126 1865 quo
1172 1805 1253 1852 vel
1298 1819 1435 1852 mens
1481 1805 1560 1852 vel
1606 1805 1736 1852 oculi
1774 1803 1854 1851 vel

172 1892 348 1924 manus
387 1877 683 1940 fatigentur,
729 1878 1045 1941 neglegentia
1091 1878 1305 1939 quadam
1349 1879 1429 1926 vel
1467 1880 1633 1940 potius
1670 1878 1855 1941 fatiga-

172 1952 310 1998 tione
348 1951 428 1998 hie
465 1951 570 1998 11110
607 1952 850 1999 vocabula
888 1951 968 1999 vel
1013 1953 1182 2000 omisit
1226 1952 1306 2000 vel
1343 1951 1418 2000 bis
1458 1951 1670 2014 scripsit.
1746 1950 1855 2008 Qua

172 2040 226 2072 re
273 2025 545 2086 scripturae
593 2025 773 2073 codicis
825 2025 974 2074 semel
1027 2028 1078 2073 et
1122 2027 1317 2087 saepius
1372 2026 1644 2074 obscuritas
1698 2025 1855 2074 allata

174 2100 260 2147 est.
341 2097 394 2146 si
433 2100 563 2146 enim
601 2115 648 2160 p.
684 2100 768 2159 24,
802 2100 832 2146 3
881 2101 1157 2148 accuratius
1203 2101 1493 2162 inspexeris,
1540 2115 1736 2149 versum
1776 2115 1854 2148 ex-

174 2171 349 2221 cidisse
387 2173 662 2237 intellegas.
740 2173 919 2221 Exstat
958 2173 1157 2235 quidem
1195 2174 1315 2222 haec
1355 2174 1620 2237 scriptura:

743 2246 1356 2295 SULLAATHENASRE

567 2357 576 2366 .
603 2357 615 2366 .
639 2319 1309 2369 RSUSINPRINGIPESSE

568 2432 579 2442 .
604 2431 614 2442 .
642 2431 652 2440 .
678 2393 1341 2443 ONISETNOXIOSANIM

566 2505 576 2514 .
605 2506 614 2515 .
643 2506 651 2514 .
680 2506 688 2514 .
714 2468 1447 2518 LENTIUSNEOATISRELI

569 2580 577 2588 .
606 2579 614 2588 .
642 2579 650 2588 .
678 2541 1321 2600 SNECATISRELIQUIS.

173 2614 234 2662 In
290 2618 467 2677 quarto
521 2631 665 2664 versu
710 2618 883 2678 utique
929 2616 1125 2665 litterae
1173 2613 1325 2665 ‘IHO’
1375 2617 1678 2679 supplendae
1725 2617 1853 2665 sunt.

173 2688 244 2736 At
282 2705 380 2737 non
418 2691 519 2737 iam
558 2691 777 2752 spatium
815 2691 996 2751 exstat,
1040 2692 1094 2738 in
1134 2706 1231 2753 quo
1269 2692 1431 2753 spatio
1472 2686 1866 2739 ‘ADUERTIT’-

174 2777 343 2823 ponas.
420 2763 593 2824 Neque
630 2763 739 2812 fieri
776 2765 963 2826 potest,
1004 2766 1061 2812 ut
1099 2764 1258 2813 scriba
1296 2765 1386 2812 has
1425 2767 1622 2812 tantum
1658 2765 1853 2812 litteras

175 2837 418 2897 omiseritz,
464 2852 580 2884 nam
628 2853 871 2886 connexus
918 2854 1082 2886 rerum
1127 2840 1254 2886 mira
1302 2837 1514 2900 quadam
1555 2838 1854 2886 obscuritate

175 2909 550 2958 obumbraretur
588 2911 820 2960 adverbio
861 2907 1165 2961 ‘violentius'
1212 2912 1316 2960 sine
1364 2911 1510 2960 dubio
1550 2912 1613 2960 ad
1651 2911 1854 2960 verbum
