2094 3140
230 122 337 165 XIV
887 119 1240 164 PRAEFATIO.

230 262 405 309 anulus
444 261 528 307 ille
569 260 749 308 donum
789 260 906 307 deae
944 261 1046 306 iam
1093 262 1240 307 antea
1279 261 1406 320 erat,
1457 275 1608 321 quare
1648 260 1908 309 obscurum

228 336 352 382 mihi
390 334 586 382 videtur
625 333 854 381 scribere:
904 329 1068 394 ‘quem
1113 350 1267 380 unum
1310 334 1528 380 omnium
1566 334 1684 382 deae
1723 334 1906 382 donum

227 404 469 469 reliquit',
510 410 559 455 et
596 407 942 454 Dieckmannii
981 407 1311 454 coniecturam
1351 409 1530 469 accepi.

337 498 384 543 p.
426 482 480 544 5,
525 483 551 528 7
610 473 871 529 Graccho
925 475 1178 544 iterum,
1248 475 1416 530 cuius
1485 476 1662 541 paulo
1732 476 1906 530 antea

226 550 492 618 memini,
534 549 794 618 consule]
829 570 994 602 omnes
1028 556 1334 602 coniecturae
1375 554 1533 601 adhuc
1573 555 1754 603 allatae
1791 557 1903 603 reii-

227 629 425 677 ciendae
473 630 608 689 sunt,
671 623 969 676 ‘meminisse
1023 624 1100 675 de'
1159 629 1390 676 abhorret
1440 627 1500 676 ab
1555 630 1906 677 consuetudine

227 705 521 764 scriptorum
573 701 888 762 Latinorum,
947 702 1005 749 cf.
1060 701 1488 762 Krebs-Schmalz,
1541 701 1903 751 Antibarbarus

229 792 264 824 s.
296 793 339 823 v.
376 772 630 822 ‘memini'.
703 770 955 836 ‘consule',
996 775 1127 837 quod
1167 775 1361 823 exhibet
1393 775 1557 837 codex,
1596 776 1902 824 servandum.

335 867 380 911 p.
418 850 472 909 6,
508 852 533 896 1
577 843 844 910 turpiter
889 843 1070 913 perit]
1117 850 1256 897 nulla
1303 849 1583 897 coniectura
1630 849 1788 897 adhuc
1835 851 1903 897 31-

227 924 334 971 lata
373 925 494 971 satis
533 923 814 971 confirmari
858 925 1036 985 potest.
1114 913 1366 985 ‘turpiter'
1414 924 1672 971 convenire
1710 924 1908 971 videtur

224 1013 323 1045 non
369 997 513 1044 modo
562 997 619 1043 ad
669 997 906 1058 reliquias
953 998 1228 1059 scripturae
1275 997 1477 1058 codicis,
1525 997 1610 1044 sed
1651 998 1802 1044 etiam
1842 997 1904 1044 ad
1959 1052 1961 1054 ,

225 1086 379 1134 genus
419 1072 608 1131 mortis,
648 1086 796 1132 quam
834 1070 958 1118 obiit
989 1070 1284 1132 Antiochus3
1325 1072 1419 1119 etsi
1455 1086 1516 1118 ne
1547 1071 1667 1118 haec
1706 1071 1905 1132 quidem

225 1161 302 1193 res
341 1145 488 1206 plane
526 1144 739 1206 perspici
785 1147 961 1206 potest.
1040 1145 1080 1191 E
1120 1161 1173 1192 re
1213 1159 1315 1192 esse
1354 1144 1551 1192 videtur
1588 1145 1750 1192 locum
1781 1145 1904 1192 alte-

225 1220 329 1266 rius
365 1218 769 1266 Maccahaeorum
806 1218 923 1265 libri
965 1220 1011 1278 1,
1047 1219 1112 1266 13
1153 1220 1206 1265 in
1245 1218 1461 1266 medium
1500 1218 1739 1280 proferre:
1782 1217 1904 1265 Cum

225 1294 278 1339 in
309 1291 507 1339 Perside
548 1293 675 1339 esset
713 1292 811 1339 dux
841 1293 948 1353 ipse
980 1294 1029 1339 et
1065 1307 1175 1339 cum
1212 1291 1320 1353 ipso
1351 1293 1616 1340 immensus
1649 1293 1903 1353 exercitus,

227 1366 403 1415 cecidit
457 1367 510 1412 in
563 1366 748 1428 templo
799 1366 1000 1413 Naneae
1055 1366 1260 1414 consilio
1314 1366 1543 1428 deceptus
1598 1366 1904 1414 sacerdotum

227 1441 443 1488 Naneae.
514 1440 712 1487 Etenim
744 1455 854 1487 cum
894 1455 952 1486 63
981 1439 1294 1487 habitaturus
1332 1441 1470 1488 venit
1509 1439 1572 1487 ad
1608 1440 1772 1487 locum
1801 1439 1902 1486 An-

224 1514 420 1561 tiochus
461 1516 511 1561 et
550 1515 698 1561 amici
736 1513 853 1575 eius,
894 1515 943 1561 et
972 1515 1030 1560 ut
1061 1515 1304 1574 acciperet
1341 1513 1573 1575 pecunias
1604 1514 1787 1561 multas
1819 1513 1903 1561 do-

225 1589 291 1636 tis
329 1588 549 1649 nomine3
588 1603 796 1649 cumque
835 1588 1207 1649 proposuissent
1253 1603 1334 1635 638
1374 1587 1648 1635 sacerdotes
1687 1587 1903 1649 Naneae,

227 1663 276 1709 et
313 1663 419 1723 ipse
455 1676 565 1708 cum
595 1662 766 1723 paucis
796 1662 1045 1724 ingressus
1078 1662 1152 1709 est
1181 1662 1315 1708 intra
1347 1661 1587 1708 ambitum
1618 1662 1739 1721 fani,
1771 1661 1904 1709 clau-

226 1737 395 1783 serunt
426 1736 687 1796 templum,
731 1751 842 1783 cum
879 1737 1114 1783 intrasset
1152 1734 1424 1782 Antiochus
1452 1772 1681 1782 .......
1706 1736 1905 1782 mitten-

224 1811 298 1857 tes
349 1809 538 1871 lapides
591 1811 935 1871 percusserunt
984 1809 1168 1857 ducem.
1253 1807 1489 1870 Polybius
1544 1809 1748 1855 eandem
1799 1825 1903 1856 rem

228 1884 435 1946 attingit
475 1884 558 1943 31,
595 1886 657 1930 11
703 1877 786 1949 (cf.
817 1884 950 1930 infira
980 1899 1026 1944 p.
1063 1876 1134 1949 6).

337 1974 384 2019 p.
413 1958 458 2018 7,
494 1957 561 2003 10
601 1951 937 2021 nuntiatus]
979 1972 1078 2004 non
1119 1959 1214 2016 est,
1262 1956 1392 2017 quod
1430 1958 1624 2018 tempus
1662 1957 1903 2018 mutetur3

225 2046 342 2078 nam
381 2030 627 2077 antecedit
660 2025 948 2092 ‘repertum'
982 2033 1031 2077 et
1062 2030 1211 2077 codex
1243 2029 1439 2077 exhibet
1465 2025 1900 2077 ‘NUNTIATOS'.

335 2122 382 2166 p.
411 2105 458 2165 8,
493 2106 522 2151 2
563 2098 650 2152 De
688 2097 1006 2168 fratribus]
1048 2120 1146 2151 non
1184 2104 1329 2151 modo
1367 2103 1501 2151 haud
1531 2105 1604 2151 ita
1634 2103 1778 2151 valde
1818 2103 1900 2150 ab·

227 2180 300 2226 est
325 2194 354 2226 a
386 2180 656 2240 scripturae
686 2179 926 2240 vestigiis,
958 2178 1042 2225 sed
1073 2179 1224 2226 etiam
1256 2178 1485 2226 convenit
1516 2177 1579 2224 ad
1609 2193 1725 2224 rem.
1785 2177 1902 2224 Sen-

227 2253 384 2299 tentia
422 2252 568 2299 huius
608 2252 706 2299 loci
743 2268 916 2313 nempe
954 2251 1075 2299 haec
1114 2254 1208 2299 est:
1247 2267 1345 2299 non
1376 2252 1541 2299 omnia
1571 2250 1819 2298 mirabilia
1849 2253 1901 2298 in

226 2325 440 2372 medium
487 2326 734 2387 proferam
779 2328 836 2373 ut
881 2327 1001 2373 satis
1054 2327 1194 2385 nota,
1251 2325 1381 2386 quod
1427 2341 1542 2373 vero
1588 2325 1664 2372 his
1712 2324 1902 2372 duobus

227 2398 464 2447 fratribus
505 2399 705 2461 accidit,
751 2402 856 2447 tam
894 2401 1168 2447 memoratu
1212 2399 1416 2462 dignum
1455 2400 1549 2459 est,
1596 2398 1726 2459 quod
1764 2398 1899 2445 nullo

226 2472 371 2520 modo
410 2474 650 2520 omittam.

337 2563 384 2608 p.
412 2547 459 2606 8,
493 2547 522 2593 5
565 2540 656 2595 Ti.
692 2538 1012 2611 Grasschus]
1046 2548 1241 2607 mirum,
1281 2546 1412 2608 quod
1446 2561 1587 2592 nemo
1621 2545 1778 2592 adhuc
1807 2544 1899 2592 hoc

226 2635 403 2667 nomen
442 2621 702 2681 perspexit.
766 2621 856 2668 Est
886 2621 1017 2668 idem
1049 2620 1122 2667 Ti.
1149 2618 1412 2679 Gracchus,
1452 2634 1547 2680 quo
1579 2618 1775 2666 consule
1798 2618 1899 2665 An-

225 2693 446 2741 tiochum
485 2693 794 2755 Epiphanem
832 2697 1082 2741 mortuum
1121 2709 1223 2742 esse
1255 2691 1468 2740 Granius
1507 2691 1674 2739 tradit.
1738 2692 1804 2739 Et
1843 2708 1901 2739 ex

227 2766 506 2814 nominibus
547 2762 846 2814 ‘Asturibus'
889 2769 938 2814 et
980 2763 1189 2822 ε11161183,
1237 2781 1362 2828 quae
1407 2765 1580 2812 illaesa
1626 2781 1781 2827 paene
1821 2781 1898 2812 ex·

227 2842 377 2901 stant,
408 2840 554 2888 facile
584 2841 843 2903 intellegas
874 2856 950 2888 res
983 2857 1012 2887 a
1037 2841 1109 2887 Ti.
1137 2839 1353 2888 Graccho
1384 2841 1437 2886 in
1460 2838 1704 2900 Hispania
1736 2841 1898 2901 gestas

226 2914 319 2962 hoc
357 2914 464 2962 loco
505 2914 735 2961 adnotari
775 2930 804 2962 a
842 2913 985 2962 Livio
1024 2916 1297 2961 memorata
1335 2912 1417 2959 lib.
1460 2913 1543 2972 40,
1577 2913 1806 2960 47—50.
