2094 3140
251 121 320 172 14
559 119 749 164 GRANI
779 118 1071 163 LICINIANI
1101 119 1281 162 LIBER
1311 119 1513 164 XXXIII.
1547 121 1600 176 (⁸?)

359 260 578 308 Rutilius
634 259 803 307 consul
856 259 1046 322 collega
1080 252 1086 320 Ι
1120 259 1279 305 Mallii
1332 253 1478 325 sollus
1531 263 1784 322 supererat
1833 260 1925 307 rei-

249 334 490 396 publicae.
552 333 727 394 Itaque
762 329 768 395 Ι
804 347 914 380 cum
951 335 1110 381 metus
1146 331 1151 391 Ι
1189 332 1562 380 adventantium
1602 327 1926 399 Cimbroffrum

248 410 407 455 totam
461 409 688 469 quateret
729 402 735 470 Ι
778 405 1052 466 civitatem,
1104 407 1181 454 ius
1234 398 1513 472 iuranldum
1567 422 1596 454 a
1648 406 1923 456 iunioribus

245 482 428 545 exegit,
470 475 476 546 Ι
510 497 571 528 ne
619 482 729 541 quis
775 482 913 527 extra
950 479 1151 528 Italiam
1195 474 1459 545 quolquam
1496 474 1920 548 proficisceretur,{

187 566 211 603 5
244 557 479 616 missique
517 570 605 616 per
644 570 811 602 omnes
851 548 975 618 olras
1013 554 1191 601 Italiae
1224 556 1372 615 atque
1403 556 1589 616 portus,
1625 549 1631 617 Ι
1668 556 1754 616 qui
1782 570 1922 616 prae-

245 629 483 688 dicerent,
528 643 590 675 ne
626 623 631 691 Ι
666 628 759 675 ulli
796 629 1035 675 minorem
1073 627 1256 674 XXXV
1291 626 1298 687 Ι
1333 643 1573 676 annorum
1609 627 1663 675 in
1700 643 1877 677 navem
1899 620 1925 695 ΙΙ

244 699 586 765 (reciperent)
613 739 622 747 .
652 740 660 747 .
688 740 696 748 .
723 739 734 749 .

243 862 287 912 4,
313 861 355 911 7,
380 861 428 902 3:
459 856 675 900 tribunus
706 856 859 913 plebis
891 858 970 913 (sc.
1002 856 1050 900 L.
1076 855 1300 914 Reginus)
1333 855 1612 912 Caepionem
1649 855 1699 899 in
1739 869 1921 901 carcere

243 916 524 971 coniectum,
571 916 695 971 quod
741 915 870 958 illius
917 915 1056 972 culpa
1102 914 1329 958 exercitus
1368 917 1527 959 noster
1565 929 1594 959 a
1633 914 1831 958 Cimbris
1874 918 1922 959 et

242 974 465 1019 Teutonis
495 975 743 1018 videbatur
775 974 979 1030 deletus,
1017 973 1190 1018 veteris
1223 976 1444 1030 artaeque
1477 973 1714 1018 amicitiae
1746 988 1922 1018 memor

240 1034 433 1092 publica
464 1034 678 1078 custodia
715 1033 945 1078 liberavit.
1084 1038 1197 1077 3—7
1231 1048 1345 1090 quae
1385 1035 1483 1078 alia
1521 1034 1732 1078 Rutilius
1769 1034 1942 1089 provi-⁷

241 1095 358 1138 derit
386 1108 426 1138 v.
452 1107 525 1150 ap.
560 1094 657 1138 Val.
686 1094 819 1138 Maoe.
845 1096 890 1147 2,
915 1096 958 1147 3,
981 1096 1024 1137 2.

361 1247 384 1285 1
417 1241 623 1285 Rutilius
655 1268 713 1273 ——
745 1242 984 1297 supererat
1013 1239 1313 1296 reipublicae.
1368 1240 1533 1296 Itaque
1565 1255 1670 1284 cum
1701 1222 1918 1342 Madvig:

241 1299 629 1344 RUTILIUSCOS
648 1298 1570 1358 ·COLLEGA{MANILLHOCANNOCN·
1587 1298 1865 1359 ΙΡΟΜΡΕΙΙ]

239 1358 1074 1419 ΝΑΤΠὸΕὸΤΞΟΙΙᾸΙΞΞΠΡΕΒΒΕΡ
1107 1384 1115 1392 -
1151 1358 1417 1411 ONITAEQ
1444 1383 1453 1392 ·
1484 1359 1488 1418 Ι
1517 1357 1640 1411 ADQ
1660 1384 1668 1392 ·
1687 1357 1920 1401 CICERO-

242 1419 369 1463 CUM
379 1438 390 1474 ς
421 1418 625 1462 Rutilius
659 1418 820 1462 consul
851 1417 1034 1475 collega
1057 1417 1236 1462 Manili.
1290 1418 1390 1462 Hoc
1421 1431 1544 1461 anno
1568 1417 1647 1461 Cn.
1672 1416 1920 1474 Pompeius

239 1481 380 1522 natus
413 1479 484 1521 est
514 1478 638 1521 solus
672 1491 810 1534 super
847 1476 1032 1534 reponit
1070 1490 1219 1533 aeque
1255 1478 1397 1533 atque
1429 1476 1587 1521 Cicero
1619 1478 1682 1532 1³3
1714 1474 1919 1519 Rutilius

241 1551 278 1581 c.
305 1552 342 1581 c.
375 1536 523 1580 Manli
564 1536 671 1595 [hoc
710 1550 831 1580 anno
870 1535 947 1580 Cn.
973 1535 1221 1592 Pompeius
1259 1538 1398 1580 natus
1438 1539 1509 1580 est
1542 1563 1594 1568 ——
1629 1535 1754 1579 solus
1787 1549 1919 1591 supe-

224 1596 362 1640 riore
399 1595 533 1653 ponit
564 1623 619 1628 —
654 1608 801 1651 aeque
841 1597 983 1651 atque
1023 1594 1202 1654 Cicero]
1242 1609 1347 1638 cum
1376 1595 1435 1638 H
1439 1614 1449 1650 3
1489 1594 1696 1638 Rutilius
1730 1609 1766 1638 c.
1793 1608 1830 1638 c.
1855 1593 1917 1638 M.

242 1656 349 1714 [hoc
377 1669 502 1712 ,anno
528 1654 616 1703 Cn.
642 1654 909 1713 Pompeius]
950 1653 1076 1698 solus
1118 1656 1359 1711 supererat
1395 1653 1693 1711 reipublicae.
1757 1653 1920 1708 itaque

242 1715 416 1773 [adque
448 1713 626 1772 Cicero]
667 1728 772 1757 cum
812 1714 1011 1771 Madvig]
1050 1713 1192 1770 (solus
1231 1714 1324 1769 sub*
1354 1714 1470 1757 urbe
1507 1712 1687 1770 positus
1727 1713 1919 1757 Hirsch-

240 1774 354 1830 feld3
388 1773 512 1818 solus
538 1786 676 1830 super
697 1772 940 1830 republica
965 1772 1192 1816 sollicitus
1219 1774 1300 1829 Μ)
1422 1777 1448 1816 5
1481 1786 1584 1816 oras
1609 1774 1670 1817 P:
1702 1770 1785 1815 ΗΟ
1802 1771 1918 1815 RAS

360 1837 385 1876 6
417 1832 576 1885 ULL1;
608 1832 756 1875 ullum
788 1831 990 1877 Schmidt
1108 1831 1299 1887 XXXU3
1330 1830 1622 1888 probabilius
1645 1831 1771 1874 XXX
1868 1831 1926 1874 H

242 1895 294 1937 in
327 1893 432 1937 adn.
559 1896 582 1935 7
615 1891 945 1951 (reciperent)
977 1893 1050 1947 H;
1084 1891 1393 1935 conscendere
1422 1890 1586 1935 liceret
1616 1892 1671 1935 P.
