2094 3140
777 127 956 172 LIBER
984 127 1167 172 XXXV.
1742 129 1814 180 27

133 271 270 333 Asia,
300 269 554 331 Bithynia,
576 260 601 336 ΙΙ
623 268 966 331 Paphlagonia
990 267 1257 328 decederet,
1287 261 1290 334 Ι
1320 270 1440 316 item
1466 266 1814 332 Gallograecis.

133 345 190 402 Q.
227 343 444 407 Oppium
477 336 484 408 Ι
519 344 569 390 et
606 343 686 389 Μ’.
703 342 963 404 Aquilium
1016 342 1208 405 legatos
1251 338 1256 406 Ι
1298 341 1545 402 redderet,
1599 343 1815 404 itemque

133 421 319 467 ceteros
354 414 360 480 Ι
397 418 554 464 omnis
601 417 845 478 captivos,
893 431 1103 478 quorum
1138 412 1143 477 Ι
1178 432 1277 464 11011
1323 431 1507 478 parvus
1546 432 1777 465 numerus
1806 409 1811 483 Ι

133 494 260 553 erat,
307 490 593 539 dimitteret.
677 489 909 552 Inprimis
944 485 950 554 Ι
996 489 1186 552 excepti
1232 489 1544 550 Macedones,
1592 484 1816 556 quolrum

131 565 251 613 fides
304 566 513 628 insignis
568 557 767 630 fueirat,
821 566 879 611 ut
930 579 1106 612 uxores
1161 565 1211 611 et
1264 563 1410 612 liberi
1461 557 1814 629 redlderentur.

131 639 394 688 Praeterea
426 631 590 704 nalves
617 639 923 698 septuayinta
949 630 955 704 Ι
982 639 1139 686 tectas
1162 639 1429 686 instructas
1454 639 1598 686 sociis
1627 631 1632 704 Ι
1660 638 1814 699 daret,

130 713 457 773 frumentum,
495 716 688 772 vestem,
724 705 730 777 Ι
766 711 1067 774 stipendium
1104 712 1202 774 ipsi
1238 704 1543 777 praestaJret.
1621 711 1670 760 Is
1708 713 1815 774 ipse

84 828 93 840 ,
131 786 446 835 Mithridates
493 802 605 834 cum
638 780 644 852 Ι
676 749 821 834 ’Sulla
866 787 1001 846 apud
1038 785 1325 834 Dardanum
1372 779 1665 852 comlpositis
1702 786 1814 834 reli-

131 877 231 923 qua
278 861 430 909 classe
477 877 574 924 gra
572 854 655 908 tia
701 859 754 908 P.
794 860 850 906 R.
898 861 1216 908 reconciliata
1257 853 1502 925 [Ariobar{
1510 860 1707 908 dianem
1759 862 1816 907 ut

132 951 327 983 servum
373 917 599 999 resipuit]
646 935 699 980 in
733 927 739 999 Ι
774 933 988 981 Pontum
1033 927 1389 999 proficisffcitur.
1473 933 1546 982 Ac
1593 934 1710 981 dum
1756 934 1815 981 de

131 1002 514 1075 condiffcionibus
553 1008 879 1068 disceptatur,
918 1007 1117 1055 Maedos
1154 1007 1159 1068 Ι
1195 1010 1245 1055 et
1282 1007 1563 1068 Dardanos,
1615 1010 1701 1070 qui
1740 1023 1814 1055 so-

131 1084 233 1131 cios
271 1098 334 1147 ve
331 1074 545 1142 [xabant
584 1081 877 1129 Hortensius
917 1082 1102 1141 Zeyatus
1137 1076 1143 1145 Ι
1178 1080 1454 1145 fugaverat
1530 1081 1642 1144 Ipse
1675 1080 1814 1130 Sulla

130 1130 413 1222 exerlcitum
450 1156 503 1201 in
541 1154 815 1203 Maedicam
851 1147 1152 1221 indulxerat,
1190 1157 1481 1218 priusquam
1519 1157 1572 1203 in
1610 1148 1809 1221 Asiami

249 1314 275 1354 8
306 1309 347 1352 is
380 1336 435 1342 —
468 1309 773 1383 compositis]
796 1310 854 1364 cf.
880 1311 1004 1354 Plut.
1031 1310 1143 1355 Sall.
1173 1311 1200 1354 l.
1226 1324 1284 1355 e.:
1326 1309 1597 1366 Δεξαμὲνου
1638 1310 1690 1354 δὲ
1729 1317 1811 1355 τοῦ

127 1369 286 1414 Σύλλα
309 1369 395 1425 τὴν
419 1368 672 1426 πρόκλησιν
698 1366 926 1443 ἐγένοντο
939 1373 1189 1425 συνθῆκαι,
1222 1368 1531 1426 Μιθριδάτην
1557 1369 1640 1426 μὲν
1662 1367 1812 1414 Ἀσίαν

127 1430 323 1484 ἀφειναι
372 1428 453 1472 καὶ
489 1427 857 1502 Παφλαγονίαν,
906 1424 1125 1485 ἐκστῆναι
1171 1428 1223 1473 δὲ
1263 1430 1496 1479 Βιθυνίας
1534 1428 1812 1486 Νικομήδει,

127 1489 472 1538 Καππαδοκίας
513 1486 862 1546 Ἀριοβαρζανῃ,
913 1489 1195 1562 καταβαλεῖν
1240 1486 1293 1531 δὲ
1323 1485 1565 1544 Ρωμαίοις
1610 1489 1813 1545 δισχίλια

130 1547 336 1591 τάλαντα
375 1547 456 1590 καὶ
494 1548 662 1591 δοῦναι
700 1554 816 1597 ναῦς
855 1543 1176 1605 ἐβδομήκοντα
1215 1545 1460 1604 χαλκήρεις
1490 1546 1605 1604 μετὰ
1635 1553 1716 1603 τῆς
1747 1546 1813 1591 οἰ-

130 1607 261 1657 κείας
282 1611 620 1661 παρασκευῆς.
723 1607 878 1651 .1bid.
904 1609 985 1650 24:
1025 1606 1281 1662 ἠρώτησεν,
1315 1607 1360 1651 εἰ
1387 1613 1518 1650 ποιει
1543 1606 1601 1650 τὰ
1633 1608 1814 1664 συγκεί-

129 1681 249 1722 μενα
279 1663 345 1708 δι’
376 1662 627 1722 Ἀρχελαου.
679 1665 916 1720 Φήσαντος
947 1664 999 1709 δὲ
1031 1671 1222 1710 ποιεῖν.
1324 1667 1480 1722 ..App
1509 1667 1598 1710 Mi,
1625 1669 1706 1710 58:
1738 1682 1812 1709 το-

127 1731 278 1768 σαῦτα
308 1730 390 1768 τοῦ
414 1724 570 1768 Σύλλα
602 1722 700 1798 μετ’
737 1723 927 1781 ὀργῆς”
900 1741 968 1768 ετι
991 1722 1216 1782 λέγοντος,
1249 1724 1571 1797 μετέπιπτεν“
1551 1742 1575 1768 ο
1588 1725 1815 1799 βασιλεὺς

130 1783 211 1826 καὶ
242 1779 484 1838 ἐδεδοίκει,
517 1783 597 1828 καὶ
623 1780 669 1834 ἐς
691 1782 774 1834 τὰς
805 1783 870 1827 δι’
901 1781 1142 1840 Ἀρχελαου
1166 1781 1422 1840 γενομένας
1446 1783 1689 1858 συνθήκας
1713 1780 1813 1828 ε’νε-

129 1843 281 1897 δίδου,
312 1858 395 1893 τας
425 1858 473 1886 τε
506 1850 621 1893 ναῦς
652 1842 732 1886 καὶ
762 1841 821 1886 τὰ
849 1842 965 1886 ἄλλα
994 1842 1152 1887 πάντα
1182 1843 1425 1899 παραδοὺς
1450 1839 1496 1892 ἐς
1518 1843 1600 1887 τὸν
1626 1841 1812 1889 Πόντον

130 1897 204 1944 ἐπὶ
245 1901 332 1957 τὴν
362 1899 583 1959 πατρῴαν
622 1900 770 1958 ἀρχὴν
808 1898 1004 1960 ἐπανῄει
1069 1899 1197 1958 όνην.
1352 1907 1405 1946 13
1438 1901 1720 1960 Maedicam]
1753 1902 1811 1957 cf.

127 1960 266 2004 Eutr.
293 1963 343 2014 5,
367 1964 415 2004 7:
455 1960 647 2004 Interim
685 1974 740 2004 eo
778 1962 986 2018 tempore
1058 1960 1157 2004 ulla
1196 1961 1341 2005 etiam
1378 1960 1648 2017 DardanoS,
1681 1961 1813 2006 Scor-

130 2019 305 2074 discos,
338 2018 580 2063 Dalmatas
612 2021 660 2063 et
689 2019 882 2064 Maedos
913 2019 1086 2093 partim
1117 2019 1251 2074 vicit,
1283 2019 1401 2064 alios
1432 2020 1482 2064 in
1513 2020 1652 2064 fidem
1684 2034 1812 2065 acce-

126 2077 211 2135 pit.
274 2079 617 2135 App.Mi.55:
658 2078 926 2130 Σύλλας..
959 2114 969 2124 .
1042 2076 1257 2130 Ἐνετονς
1295 2081 1375 2124 καὶ
1414 2078 1694 2136 Δαρδανέας
1731 2080 1813 2124 καὶ

126 2138 347 2192 Σιντους,
394 2139 610 2192 περίοικα
647 2136 943 2182 Μακεδόνων
989 2136 1133 2194 ἔθνη,
1173 2146 1373 2196 συνεχῶς
1416 2137 1463 2189 ἐς
1501 2136 1812 2184 Μακεδονίαν

129 2172 428 2255 ἐμβάλλοντα,
461 2195 603 2240 ἐπιὼν
636 2193 845 2254 ἐπόρθει.
901 2198 1028 2241 Plut.
1055 2197 1167 2242 Sall.
1193 2201 1274 2242 23:
1308 2198 1448 2248 αὐτὸς
1479 2197 1544 2248 εἰς
1574 2198 1658 2255 τὴν
1682 2202 1809 2242 Μαι-

247 2349 272 2387 2
305 2344 366 2388 Μ’
399 2346 470 2389 H:
505 2344 554 2388 M
690 2349 716 2387 6
748 2343 1324 2401 XXQUINQUAGIN'IA3
1357 2345 1480 2389 LXX
1510 2347 1568 2390 H
1683 2352 1707 2390 7
1732 2359 1810 2389 ve-

126 2404 257 2447 stem·
279 2405 358 2448 M:
390 2402 547 2456 ascl:
581 2403 648 2447 eis
680 2406 728 2447 et
759 2405 817 2448 H
950 2404 1079 2447 IPSE
1222 2405 1299 2458 IS:
1330 2404 1404 2448 his
1436 2407 1494 2449 H
1623 2409 1649 2448 8
1683 2405 1810 2462 apud

129 2464 208 2506 M:
241 2462 334 2512 QUI
483 2462 769 2519 RELIQUA;
810 2462 975 2507 relicta
1008 2465 1070 2508 Μ
1216 2468 1241 2507 9
1273 2465 1322 2508 Ρ.
1349 2464 1401 2507 R.
1435 2466 1506 2509 H:
1540 2464 1599 2520 E,
1631 2478 1657 2508 e
1687 2477 1737 2507 re
1768 2466 1814 2509 P

126 2520 219 2577 (his
258 2522 358 2579 ipse
398 2521 696 2566 Mithridates
736 2536 841 2565 cum
879 2521 1009 2566 Sulla
1046 2523 1175 2580 apud
1213 2523 1485 2566 Dardanum
1523 2523 1807 2580 compositis,

127 2580 282 2638 gratia
320 2581 368 2625 P.
400 2581 454 2625 R.
494 2580 816 2636 reconciliata,
868 2580 1257 2626 Ariobardianem
1297 2584 1349 2626 ut
1387 2596 1572 2627 servum
1609 2583 1807 2639 respuit:

125 2639 309 2696 reliqua
334 2640 480 2684 classe
505 2640 553 2684 in
570 2640 772 2684 Pontum
793 2639 1103 2698 proficiscitur
1125 2641 1299 2686 Li‘nker
1314 2643 1539 2699 probante
1557 2642 1808 2698 Camozzio)

1847 576 1873 613 5

1849 943 1903 982 10

249 2705 299 2743 11
335 2699 527 2743 Maedos
553 2701 624 2744 H:
656 2699 819 2743 MEDS
942 2705 996 2743 12
1021 2700 1206 2758 legatus
1231 2703 1302 2746 H:
1335 2701 1414 2743 RE
1437 2738 1445 2746 .
1467 2738 1475 2746 .
1496 2736 1505 2744 .
1526 2737 1534 2745 .
1557 2701 1587 2760 Ι;
1619 2703 1742 2745 retro
1768 2702 1814 2745 P
1851 2749 1855 2752 ,

249 2763 301 2802 13
342 2758 606 2803 Maedicam
645 2759 752 2805 Sittl
790 2759 863 2813 (cf.
881 2759 985 2803 Liv.
1002 2763 1077 2814 26,
1093 2763 1169 2826 25,
1186 2763 1238 2815 8,
1263 2764 1337 2814 40,
1360 2764 1436 2814 22,
1463 2765 1489 2804 1
1514 2766 1555 2804 et
1577 2764 1650 2804 21.
1683 2762 1806 2805 Plut.

127 2815 643 2875 Sull.23).MED1AM
782 2817 1054 2871 induxerat,
1085 2818 1358 2875 priusquam
1389 2818 1439 2862 in
1470 2819 1632 2862 Asiam
1663 2820 1776 2876 (A..
1799 2820 1803 2877 Ι

127 2875 241 2932 cod.)
281 2877 342 2920 ad
373 2876 464 2933 (AC
495 2878 611 2934 cod.)
651 2877 935 2933 colloquium
972 2854 1195 2922 transiret
1230 2879 1291 2933 P;
1331 2878 1591 2923 induxerat.
1654 2879 1809 2922 Prius-

129 2947 271 2989 quam
303 2970 313 2980 .
361 2936 637 2993 .transiret,
668 2936 912 2980 Dardanos
1072 2938 1135 2981 M
