2094 3140
263 102 305 144 X
923 99 1262 145 PRAEFATIO
1270 135 1280 144 .

258 236 479 288 ‘necatis'
521 241 809 302 pertinente.
889 238 1048 295 Quare
1096 239 1307 288 scribam
1352 241 1513 286 totum
1558 255 1753 287 versum
1799 241 1930 288 inter

255 314 454 361 tertiam
509 316 557 360 et
612 316 841 375 quartam
887 313 1070 360 lineam
1123 315 1345 362 omisisse
1399 329 1582 361 censeo.
1669 314 1759 361 Est
1813 330 1927 377 ergo

254 390 383 435 inter
423 382 810 435 ‘animadvertit’
852 388 901 434 et
941 381 1243 435 ‘violentius'
1283 388 1462 435 lacuna
1492 386 1768 436 indicanda.
1832 388 1928 435 Ex-

256 462 429 509 cidisse
475 461 671 508 videtur
718 460 887 525 eadem
932 460 1032 508 fere
1079 476 1178 521 res,
1227 476 1375 522 quam
1413 459 1670 522 Appianus
1710 463 1928 509 servavit
2010 457 2014 460 ’

254 536 339 582 Mi.
374 536 464 582 37:
511 538 611 592 τοῖς
658 530 708 581 δὲ
755 530 917 592 ἄλλοις
964 531 1194 598 συνέγνω.
1271 535 1345 581 Ex
1391 535 1640 582 vocabulis
1682 529 1927 583 ‘necatis

254 603 526 668 reliquis'
587 608 663 655 bis
725 608 920 669 scriptis
981 623 1158 655 nomen
1218 601 1631 656 ‘Mithridates’
1696 610 1929 669 excutias,

254 682 390 729 cuius
438 681 500 728 ad
545 697 621 729 res
662 680 873 729 Granius
920 682 971 727 in
1018 681 1260 742 versibus,
1309 697 1434 743 quae
1483 683 1776 743 sequuntur,
1824 684 1929 731 sine

254 755 400 802 dubio
441 754 668 802 deflectit.

362 829 469 876 Hac
508 822 934 892 dittographia,
975 844 1126 890 quam
1154 831 1349 890 vocant,
1389 827 1542 876 Grani
1581 830 1739 876 oratio
1780 829 1931 878 etiam

254 903 363 950 aliis
403 903 522 950 locis
563 903 831 964 depravata
870 902 1086 950 videtur:

362 993 408 1036 p.
452 977 506 1036 5,
550 979 576 1023 1
628 992 685 1023 ex
731 977 909 1025 codicis
957 977 1228 1038 scripturae
1274 976 1497 1037 reliquiis
1547 969 1629 1042 (cf.
1670 992 1780 1038 app.
1822 979 1928 1025 erit.

253 1043 459 1116 ibidem)
491 1051 583 1098 hoc
614 1052 923 1097 enuntiatum
947 1050 1069 1097 mihi
1106 1051 1304 1112 quidem
1335 1051 1523 1098 elucere
1554 1050 1774 1098 videtur:
1804 1045 1927 1098 bal-

250 1131 390 1172 neas
450 1118 688 1185 publice
748 1118 952 1185 petere
991 1158 1204 1173 .....
1236 1118 1516 1185 perfusus
1579 1118 1926 1187 unguentis3

252 1198 463 1245 alterum
502 1193 742 1246 ‘balneas’
781 1198 1171 1261 dittographiam
1202 1198 1378 1246 iudico.
1440 1199 1613 1259 Neque
1651 1200 1819 1246 tamen
1852 1214 1926 1245 ar-

251 1270 408 1318 bitror
446 1271 536 1319 hac
575 1272 856 1319 coniectura
893 1273 1057 1319 totum
1094 1272 1223 1319 hunc
1260 1272 1424 1319 locum
1463 1272 1730 1333 explanari.
1787 1271 1928 1328 Quod

250 1345 531 1393 Bonnenses
579 1347 857 1393 coniectant
903 1340 1094 1407 epotare
1142 1361 1253 1392 cum
1298 1342 1482 1407 plebe’,
1529 1361 1628 1393 non
1672 1345 1927 1406 probabile

251 1434 443 1479 00030ος
490 1434 605 1466 nam
644 1418 944 1466 Antiochum
989 1435 1088 1466 non
1134 1421 1186 1466 in
1234 1414 1390 1480 epulis
1431 1419 1927 1480 comisationibusque

253 1488 535 1556 ‘unguentis
580 1489 852 1553 perfusum'
901 1494 1074 1553 fuisse,
1120 1493 1206 1541 sed
1249 1495 1303 1540 in
1347 1493 1535 1540 balneis
1574 1492 1811 1554 Polybius
1855 1494 1928 1540 te-

251 1568 412 1614 statur
451 1568 543 1627 31,
576 1568 622 1614 4.
703 1565 864 1614 Codex
912 1566 1110 1628 quidem
1157 1566 1351 1614 exhibet
1392 1563 1422 1614 (.
1449 1603 1458 1612 .
1487 1604 1496 1614 .
1524 1605 1532 1613 .
1558 1563 1733 1628 UEL'3
1774 1582 1928 1628 quare

251 1656 362 1688 0010
407 1656 506 1687 000
550 1642 652 1688 iam
699 1643 958 1702 appareat,
999 1641 1118 1702 quid
1161 1640 1414 1702 exciderit,
1462 1641 1593 1688 inter
1633 1636 1834 1702 ‘petere'
1877 1643 1930 1688 013

251 1710 513 1776 ‘perfusus'
554 1715 783 1762 lacunam
820 1715 1049 1762 indicavi.

361 1805 406 1849 p.
442 1789 532 1848 30,
568 1789 597 1835 3
647 1788 796 1836 codex
852 1788 1068 1836 exhibet:
1117 1780 1926 1880 ‘ADREGEMFEGITJREGEM-

250 1858 544 1908 REFERT'.
614 1861 722 1909 Hac
761 1861 1101 1926 dittographia
1134 1856 1546 1910 ‘Mithridates'
1589 1862 1822 1910 excidisse
1852 1861 1923 1910 vi-

253 1935 411 1996 detur,
452 1935 582 1996 quod
621 1951 798 1983 nomen
835 1952 924 1998 pro
967 1931 1150 2000 ‘regem
1187 1932 1324 1984 fecit'
1367 1935 1614 1984 substitui.

359 2009 418 2056 In
451 2011 720 2070 enuntiato,
754 2009 884 2071 quod
914 2010 1059 2058 modo
1088 2010 1252 2070 attuli,
1285 2011 1435 2057 etiam
1467 2009 1709 2070 syllabam
1747 2005 1924 2057 ‘GEM’

250 2084 605 2131 commutatum
659 2099 761 2131 0330
815 2099 985 2132 000300
1041 2100 1151 2132 cum
1204 2083 1397 2145 syllab‘a
1452 2079 1677 2131 eFERT’.
1767 2082 1926 2139 Quare

249 2156 512 2220 legendum
572 2157 734 2204 iudico
799 2152 891 2205 ‘ad
951 2151 1359 2205 Mithridatem
1428 2151 1619 2205 refert
1683 2153 1924 2218 regem'.

250 2230 473 2278 Eundem
517 2231 712 2291 lapsum
764 2231 977 2292 librarii,
1033 2247 1177 2292 quem
1225 2230 1406 2279 Graece
1460 2230 1720 2293 μετάθεσιν
1767 2230 1926 2278 dicere

250 2304 429 2365 solent,
486 2305 637 2352 etiam
682 2321 728 2366 p.
765 2305 855 2365 28,
890 2305 919 2352 6
977 2305 1143 2354 adesse
1189 2306 1333 2367 puto,
1387 2304 1473 2352 ubi
1527 2304 1677 2353 codex
1731 2305 1927 2352 exhibet

252 2373 436 2425 ‘RUO.
464 2371 539 2443 .{',
587 2394 676 2441 ego
724 2379 958 2427 constitui
1007 2372 1246 2428 ‘Curiofi
1331 2379 1398 2426 Et
1452 2394 1510 2426 ex
1563 2378 1714 2425 simili
1763 2393 1929 2426 errore¹

250 2452 400 2498 etiam
446 2453 610 2498 ortum
664 2467 765 2500 esse
818 2452 1038 2513 videtur,
1094 2453 1223 2514 quod
1271 2454 1431 2501 exstat
1471 2470 1518 2514 p.
1555 2453 1644 2512 16,
1678 2453 1724 2498 4.
1810 2450 1924 2498 Sine

250 2523 398 2572 dubio
437 2522 751 2588 legendum‘
756 2527 798 2574 is
838 2542 953 2590 ergo
993 2542 1103 2574 cum
1141 2526 1278 2574 mille
1317 2526 1511 2574 circiter
1548 2533 1793 2573 numero
1827 2525 1925 2572 col-

248 2594 424 2646 lectis’.
497 2594 849 2659 ‘NUMERIS’‚
890 2600 1020 2661 quod
1059 2600 1208 2648 codex
1247 2600 1454 2660 exhibet,
1496 2614 1525 2646 a
1555 2599 1758 2646 librario
1798 2599 1924 2646 falso

250 2672 489 2733 scriptum
550 2687 653 2719 esse
714 2672 928 2733 videtur,
992 2673 1123 2735 quod
1178 2668 1571 2722 ‘COLLECTIS’
1626 2674 1678 2718 in
1731 2672 1924 2720 litteras

251 2740 348 2791 ‘IS’
391 2747 502 2792 exit.

360 2818 613 2867 Postremo
652 2820 845 2878 mirum,
886 2820 1018 2881 quod
1055 2821 1202 2881 plura
1235 2836 1381 2881 quam
1412 2835 1501 2880 pro
1534 2819 1924 2882 fragmentorum

251 2893 518 2955 exiguitate
544 2893 801 2940 enuntiata
824 2893 903 2941 vel
928 2894 1313 2942 constructiones
1339 2895 1550 2953 exstant,
1576 2902 1719 2953 quas
1741 2885 1924 2942 Grani
