2094 3140
831 123 1186 168 PRAEFATIO.
1744 123 1848 167 XIII

171 268 250 315 tor
288 267 642 314 convocaverat
681 265 744 312 ad
783 265 1042 313 consilium
1080 260 1203 327 (in)
1234 279 1488 312 commune
1520 261 1844 326 capiendum’.

170 339 239 387 At
276 355 453 387 nomen
491 339 742 387 numerale
783 333 1044 398 ‘trecenti',
1091 337 1222 399 quod
1260 337 1566 400 Heerwagen
1609 339 1850 386 coniecta-

170 414 266 473 vit,
320 428 410 475 pro
465 415 597 461 certo
652 428 750 460 non
795 412 979 475 legam3
1034 427 1192 472 neque
1238 427 1416 459 nomen
1463 406 1669 472 ‘Gaius'‚
1718 412 1848 473 quod

171 486 311 534 Pertz
359 488 409 534 et
454 488 642 549 septem
681 486 962 534 Bonnenses
1009 485 1250 545 scribunt,
1298 485 1410 547 plus
1447 485 1599 534 habet
1637 487 1848 533 auctori-

170 562 312 620 tatis3
353 575 468 607 nam
505 561 825 623 praenomina
858 558 1071 607 Granius
1111 561 1167 606 ut
1205 560 1305 606 fere
1345 558 1606 621 scriptores
1638 559 1850 608 Romani

170 650 258 696 per
304 634 594 696 compendia
638 634 822 682 scribit.
905 632 1071 695 Atque
1126 634 1322 680 etiamsi
1370 628 1557 681 ‘Caius’
1603 633 1696 681 hoc
1741 633 1849 681 loco

170 708 432 772 legendum
462 711 604 769 esset,
642 706 795 770 quid?
833 707 1009 755 Nonne
1040 722 1218 754 nomen
1256 707 1446 754 tribuni
1484 707 1702 769 positum
1741 722 1850 755 cen-

171 780 366 830 semus?
413 780 574 838 Quare
619 798 718 830 non
763 780 942 842 habeo,
988 781 1115 828 unde
1161 781 1493 828 coniecturam
1531 796 1691 828 meam
1730 782 1850 829 satis

172 855 468 916 confirmem,
507 858 564 904 ut
602 872 711 903 eam
749 857 802 902 in
841 856 1122 903 contextum
1158 855 1374 916 recipere
1407 854 1626 902 audeam.
1689 854 1850 911 Quod-

172 931 216 978 si
255 925 511 978 ‘Rutilius'
555 923 623 996 (v.
660 923 716 995 1)
755 945 785 977 a
823 945 900 976 me
945 931 1076 976 recte
1115 929 1443 976 coniectatum
1489 931 1584 989 est,
1623 945 1722 976 non
1762 929 1850 976 ali-

172 1019 318 1051 enum
356 1005 422 1051 sit
450 1019 527 1051 res
561 1004 752 1064 aliquas
783 1003 913 1050 bello
944 1002 1238 1065 Iugurthino
1272 1004 1434 1066 gestas
1466 1003 1851 1062 commemorari,

174 1076 259 1124 ubi
306 1077 524 1125 Rutilius
571 1077 765 1140 legatus
811 1076 1000 1124 Metelli
1044 1076 1155 1123 fuit.
1242 1075 1312 1123 Cf.
1348 1076 1466 1125 Sall.
1490 1077 1534 1124 b.
1560 1077 1666 1140 Iug.
1694 1077 1764 1125 50
1803 1079 1853 1125 et

172 1166 380 1212 saepius.

283 1241 329 1286 p.
349 1226 396 1284 2,
416 1225 446 1272 5
482 1219 652 1272 cultu
683 1217 967 1288 Castoris]
1002 1239 1100 1272 non
1132 1225 1326 1285 mirum,
1359 1224 1491 1286 quod
1522 1223 1695 1272 Castor
1726 1239 1852 1271 unus

172 1300 475 1346 memoratur
503 1300 657 1346 fratre
691 1298 894 1346 Polluce
924 1299 1170 1361 neglect03
1202 1298 1261 1346 of.
1289 1296 1385 1347 Cic.
1410 1297 1549 1345 Verr.
1576 1300 1622 1360 2,
1651 1299 1697 1358 1,
1725 1299 1852 1345 129:

173 1372 315 1421 aedes
356 1370 594 1433 Castoris;
637 1373 759 1420 item
797 1372 895 1421 div.
933 1374 986 1432 1,
1020 1373 1110 1433 98,
1151 1387 1452 1434 quamquam
1491 1371 1633 1421 aedes
1673 1373 1723 1420 et
1762 1370 1853 1420 Ca-

174 1447 322 1495 storis
362 1447 412 1494 et
448 1445 666 1495 Pollucis
705 1462 844 1495 sacra
882 1448 1002 1494 erat.

284 1537 330 1582 p.
374 1522 428 1581 2,
462 1521 491 1568 6
544 1515 689 1570 duos
728 1515 915 1569 celsos
949 1547 1019 1553 -
1059 1513 1386 1583 continere]
1434 1520 1494 1568 of.
1534 1519 1853 1584 Furtwaeng-

175 1594 267 1642 leri
320 1594 430 1642 adn.
484 1595 538 1641 in
583 1594 757 1642 Rosch.
789 1594 904 1642 Lex.
944 1609 981 1642 s.
1020 1610 1065 1641 v.
1114 1588 1448 1642 ‘Dioscuren'z
1503 1595 1583 1642 ein
1635 1594 1854 1642 Dioskur

175 1667 326 1715 allein
378 1668 569 1716 kommt
621 1668 747 1716 auch
800 1683 910 1730 vor,
964 1685 1002 1715 z.
1034 1668 1091 1715 B.
1137 1669 1191 1715 in
1238 1666 1438 1729 Suessa,
1490 1661 1699 1717 Reiter
1740 1662 1855 1715 mit

177 1735 211 1788 2
251 1735 495 1806 Rossen,
534 1742 684 1803 Pilos,
721 1741 1034 1805 Palmzweig.

285 1833 331 1878 p.
375 1816 430 1876 5,
470 1821 503 1863 4
557 1810 811 1864 Dianam
866 1810 1078 1864 ducere
1138 1811 1411 1881 uxorem]
1474 1832 1574 1864 non
1635 1816 1856 1864 alienum

175 1889 373 1938 videtur
424 1891 804 1951 communicare,
850 1890 983 1952 quod
1021 1889 1207 1938 Seneca
1259 1905 1384 1938 suas.
1418 1893 1444 1938 1
1503 1890 1562 1938 de
1611 1891 1764 1938 simili
1800 1906 1853 1938 re

175 1965 368 2011 narrat:
414 1979 526 2012 cum
562 1963 810 2011 Antonius
856 1964 1007 2012 vellet
1048 1979 1098 2012 se
1143 1962 1376 2012 Liberum
1420 1966 1615 2026 patrem
1661 1963 1760 2011 dici
1806 1966 1856 2012 et

174 2037 268 2085 hoc
297 2053 478 2085 nomen
509 2038 688 2086 statuis
712 2037 952 2086 subscribi
983 2037 1180 2098 diceret,
1211 2037 1386 2085 habitu
1419 2054 1612 2100 quoque
1643 2040 1694 2086 et
1725 2053 1853 2086 com-

175 2113 343 2159 meatu
381 2110 613 2159 Liberum
651 2112 955 2173 imitaretur,
1000 2114 1318 2159 occurrerunt
1362 2112 1580 2160 venienti
1618 2114 1664 2160 ei
1700 2111 1855 2160 Athe-

177 2186 368 2234 nienses
400 2201 511 2234 cum
541 2185 832 2248 coniugibus
865 2188 914 2234 et
949 2186 1117 2234 liberis
1150 2188 1200 2234 et
1230 2184 1480 2234 Διόνυσον
1511 2186 1856 2235 salutaverunt

178 2295 189 2304 .
215 2296 224 2304 .
253 2296 261 2305 .
290 2297 299 2305 .
324 2259 552 2307 dixerunt
598 2258 896 2322 despondere
941 2261 1040 2323 ipsi
1080 2261 1134 2307 in
1171 2261 1543 2308 matrimonium
1579 2259 1855 2308 Minervam

178 2347 320 2380 suam
366 2335 416 2380 et
460 2336 760 2397 rogaverunt
798 2335 856 2381 ut
897 2333 1108 2382 duceret.
1182 2333 1429 2382 Antonius
1469 2335 1543 2381 ait
1580 2333 1856 2395 ducturum,

179 2407 264 2455 sed
302 2406 433 2456 dotis
472 2409 668 2455 nomine
706 2408 949 2470 imperare
988 2422 1038 2456 se
1075 2408 1176 2456 illis
1215 2408 1353 2455 misse
1391 2407 1594 2456 talenta.

288 2498 335 2543 p.
378 2481 432 2542 5,
473 2482 505 2528 4
568 2476 784 2530 ceteris
846 2476 1051 2543 epulas
1119 2476 1561 2531 instruentibus
1629 2490 1766 2530 vasa
1823 2489 1855 2529 e

179 2562 347 2604 Sacro
385 2549 666 2619 protulit]
701 2570 797 2602 non
829 2555 1100 2618 probabilis
1132 2556 1332 2604 videtur
1360 2555 1515 2603 Keilii
1552 2557 1853 2615 coniectura3

180 2628 374 2676 credam
396 2629 561 2691 potius
584 2629 899 2689 Antiochum,
932 2645 1031 2691 qua
1061 2630 1168 2678 erat
1198 2629 1460 2690 dementia,
1491 2630 1655 2692 ipsum
1685 2644 1805 2677 vasa
1829 2645 1856 2677 e

181 2717 318 2750 sacro
343 2702 610 2765 protulisse
634 2703 713 2751 vel
738 2703 950 2765 proferri
979 2704 1204 2765 iussisse3
1230 2719 1380 2766 quare
1397 2705 1573 2766 scripsi
1590 2699 1865 2766 ‘protulit'.·

290 2792 336 2837 p.
372 2777 427 2838 5,
462 2779 490 2824 7
539 2785 571 2825 θ
617 2770 757 2826 deae
812 2771 1002 2841 donis]
1055 2773 1348 2835 ‘donorum',
1395 2777 1526 2839 quod
1570 2777 1852 2825 Bonnenses

181 2849 376 2910 volunt,
421 2850 566 2898 valde
614 2851 843 2899 abhorret
880 2867 910 2899 a
947 2851 1214 2914 scriptura,
1261 2867 1410 2913 quam
1448 2851 1600 2899 codex
1638 2851 1855 2911 exhibet3

182 2938 339 2984 neque
383 2925 543 2987 magis
581 2924 839 2988 probetur,
886 2924 1016 2987 quod
1053 2924 1300 2973 Froehner
1345 2926 1590 2988 proponit.
1666 2925 1855 2987 Nempe
