2094 3140
837 122 1191 168 PRAEFATIO.
1813 122 1854 166 V

184 267 315 316 vista
353 265 404 312 di
442 259 708 327 Filologia'
736 264 820 324 28,
858 264 975 311 fasc.
1003 265 1050 324 2,
1077 263 1180 311 268
1196 279 1300 325 sqq.
1342 255 1553 329 (1900),
1594 262 1768 324 quibus
1801 278 1858 310 ex

181 339 401 388 fontibus
434 336 645 386 Granius
676 337 934 398 hausisset,
974 337 1331 399 disputaverat,
1363 336 1586 384 omnibus
1625 338 1860 397 omnium,

183 415 270 476 qui
314 413 461 460 huius
509 413 725 460 auctoris
771 412 1050 474 fragmenta
1097 412 1389 474 attigerant,
1437 410 1858 458 emendationibus

183 487 558 550 diligentissime
591 486 833 550 congestis
864 486 1101 546 novisque
1133 484 1315 532 additis
1347 485 1448 532 suis
1479 484 1680 531 tertiam
1706 482 1860 531 Grani

182 560 450 609 editionem
481 561 686 608 curavit.
750 558 1061 620 Quamquam
1090 558 1221 606 hisce
1255 559 1375 620 ipsis
1406 557 1707 619 temporibus
1739 573 1859 605 non-

182 634 348 682 nullae
381 634 748 682 dissertationes
774 634 824 680 et
851 633 1256 681 commentariola
1285 632 1418 679 haud
1448 633 1592 693 parvi
1622 631 1862 679 momenti

183 709 246 756 ad
293 708 619 756 emendandos
667 706 820 755 Grani
873 706 1024 755 libros
1079 707 1263 768 scripta
1317 708 1366 753 et
1419 706 1678 769 divulgata
1732 707 1862 766 sunt,

184 798 308 843 quae
350 797 460 828 cum
503 781 673 828 eodem
717 783 957 842 tempore,
1007 796 1102 841 quo
1145 779 1368 827 Camozzi
1414 779 1679 827 editionem
1716 795 1862 841 para-

180 856 284 916 bat,
321 856 400 904 vel
438 855 587 917 paulo
626 857 740 917 post
778 854 1056 915 ederentur,
1096 855 1232 901 nullo
1271 853 1416 902 modo
1457 853 1517 900 ab
1555 853 1644 900 illo
1683 853 1862 914 respici

182 931 414 992 poterant
445 922 528 995 (cf.
555 944 681 990 quae
711 928 764 975 in
789 923 992 976 ‘Archiv
1023 928 1103 975 fiir
1133 928 1421 975 lateinische
1445 921 1861 990 Lexikographie’

187 1006 269 1065 12,
296 1004 402 1050 440
443 1003 738 1064 disputarim
778 1001 837 1049 de
867 1002 959 1048 hac
989 995 1082 1067 re),
1121 1003 1178 1048 ut
1216 1003 1404 1065 sincera
1437 1001 1678 1062 quaedam
1710 1003 1759 1047 et
1788 1000 1861 1048 in-

182 1079 324 1141 tegra
362 1076 524 1139 imago
557 1074 711 1123 Grani
749 1074 996 1123 Liciniani
1027 1076 1279 1136 orationis,
1321 1075 1481 1136 qualis
1512 1090 1642 1122 nunc
1677 1076 1765 1136 est,
1805 1090 1864 1122 ex

183 1150 396 1199 editione
436 1165 466 1197 a
506 1147 760 1196 Gamozzio
802 1151 973 1196 curata
1011 1164 1110 1197 non
1149 1149 1338 1197 elucere
1377 1148 1617 1196 videatur.

296 1222 480 1280 Quodsi
534 1222 903 1271 cunctabundus
959 1223 1156 1284 quidem
1211 1225 1262 1270 et
1313 1224 1544 1271 resistens
1604 1223 1863 1284 perpaucis

184 1299 325 1346 annis
371 1299 643 1345 interiectis
693 1295 847 1344 Grani
893 1297 1143 1344 Liciniani
1188 1296 1361 1357 libros,
1409 1298 1650 1358 quantum
1696 1311 1864 1343 eorum

183 1373 368 1432 exstat,
413 1386 758 1435 recognoscere
805 1372 855 1418 et
901 1371 1158 1418 emendare
1212 1386 1478 1432 eorumque
1531 1385 1711 1418 novam
1765 1370 1863 1417 edi-

181 1447 371 1494 tionem
402 1461 572 1493 curare
606 1459 864 1508 aggressus
888 1460 1010 1506 sum,
1044 1460 1142 1506 qua
1172 1446 1467 1493 novissimae
1499 1444 1864 1492 emendationes

182 1535 282 1568 non
329 1520 487 1567 solum
534 1519 819 1582 divulgatae
864 1518 1096 1580 typisque
1141 1518 1429 1579 mandatae,
1483 1518 1567 1566 sed
1613 1519 1764 1565 etiam
1803 1517 1865 1565 ad

182 1593 274 1641 hoc
313 1596 520 1655 tempus,
559 1595 616 1640 ut
644 1593 826 1640 Horati
863 1592 1025 1641 verbis
1064 1594 1192 1653 utar,
1232 1608 1262 1640 a
1295 1609 1372 1640 me
1410 1607 1607 1654 pressae
1646 1593 1863 1639 contine·

182 1669 367 1727 rentur,
413 1681 522 1714 cum
557 1660 625 1716 Ε.
657 1660 1032 1716 Woelfflinio
1078 1667 1310 1714 hortante
1348 1668 1399 1714 et
1437 1666 1724 1714 stimulante
1754 1667 1864 1713 tan-

183 1743 292 1788 tum
329 1740 512 1788 laboris
551 1740 704 1802 subii,
749 1742 857 1788 tum
898 1741 1035 1802 quia,
1084 1742 1309 1802 quamvis
1357 1741 1533 1803 exigua
1572 1741 1622 1788 et
1661 1739 1867 1788 obscura

183 1816 284 1863 sint
329 1815 630 1878 fragmenta,
675 1817 843 1862 tamen
891 1810 1244 1876 ‘applicatione
1291 1814 1506 1876 quadam
1543 1815 1720 1874 animi,
1765 1829 1866 1860 non

184 1889 508 1952 cogitatione,
548 1890 790 1949 quantum
827 1888 919 1936 illa
956 1904 1033 1936 res
1071 1888 1308 1936 utilitatis
1349 1889 1475 1936 esset
1511 1882 1762 1935 habitura'
1803 1887 1865 1934 ad

185 1964 475 2025 scriptorem
515 1962 745 2023 adducor,
784 1963 922 2009 cuius
955 1957 1243 2010 ‘chartulas'
1277 1978 1366 2024 per
1404 1961 1678 2023 complures
1711 1976 1864 2009 annos

185 2037 338 2084 etiam
377 2038 525 2097 atque
565 2037 717 2084 etiam
754 2036 1006 2084 volverim.

331 2110 499 2171 Atque
537 2110 589 2157 in
629 2109 844 2157 editione
883 2109 1100 2158 curanda
1146 2111 1285 2157 enixe
1325 2125 1522 2171 operam
1563 2109 1763 2169 dabam,
1808 2110 1866 2156 ut

185 2186 491 2244 contextum,
532 2188 772 2244 quantum
809 2198 1024 2245 possem,
1068 2184 1376 2231 emendarem
1414 2184 1716 2244 lacunasque
1753 2198 1865 2244 pas-

184 2258 280 2306 sim
323 2258 566 2305 hiscentes
614 2257 871 2319 explerem.
950 2257 1055 2314 Quo
1101 2259 1155 2305 in
1207 2257 1375 2305 labore
1428 2256 1725 2319 perficiendo
1772 2257 1866 2304 etsi

184 2346 284 2378 non
322 2332 496 2394 ignoro
536 2347 658 2392 opus
689 2331 856 2391 fuisse,
893 2333 952 2378 ut
989 2331 1206 2380 codicem
1238 2331 1395 2379 denuo
1426 2332 1721 2393 inspicerem
1753 2346 1863 2378 acu-

183 2406 530 2466 ratissimeque
562 2405 845 2466 conferrem,
875 2407 1042 2453 tamen
1071 2421 1181 2453 cum
1204 2406 1379 2453 nuntio
1404 2405 1620 2453 codicem
1648 2405 1864 2452 remedio

185 2479 275 2527 illo
315 2479 532 2526 chemico
572 2494 602 2526 a
641 2477 690 2526 G.
725 2478 916 2526 Pertzio
965 2479 1027 2527 ad
1066 2481 1338 2541 scripturae
1376 2480 1742 2527 restitutionem
1781 2479 1863 2525 ad-

184 2552 344 2600 hibito
377 2553 591 2600 deletum
623 2567 725 2600 esse
758 2553 911 2600 allato
938 2546 1022 2618 (cf.
1046 2553 1352 2601 Dieckmann
1375 2553 1407 2600 1.
1433 2568 1470 2600 c.
1496 2569 1542 2614 p.
1564 2554 1648 2614 13,
1678 2554 1778 2600 not.
1806 2545 1863 2617 2)

185 2626 241 2674 id
278 2629 563 2688 susceptum
600 2626 734 2674 haud
763 2627 933 2690 magni
964 2642 1066 2675 esse
1097 2627 1221 2675 mihi
1251 2627 1514 2686 videretur,
1555 2643 1665 2675 cum
1697 2641 1864 2675 omnes

188 2699 557 2749 dissertationes
597 2702 647 2748 et
686 2701 1101 2762 commentariola,
1146 2716 1270 2763 quae
1309 2703 1424 2749 sunt
1463 2701 1521 2748 de
1561 2699 1743 2748 Granio
1782 2699 1873 2747 Li·-

187 2775 404 2835 ciniano',
441 2776 549 2821 tum
586 2775 798 2836 primam
836 2774 977 2821 illam
1016 2775 1282 2822 editionem
1320 2789 1350 2821 a
1391 2773 1440 2822 Ο.
1472 2774 1666 2821 Pertzio
1707 2776 1756 2821 et
1794 2774 1863 2821 al-

186 2848 346 2894 teram
378 2863 408 2896 a
436 2847 663 2910 Heptade
701 2848 1066 2911 philologorum
1095 2849 1430 2896 Bonnensium
1469 2849 1705 2907 curatam,
1746 2862 1862 2908 qua-

186 2935 301 2967 rum
344 2922 559 2983 utraque
613 2921 813 2970 collatio
861 2938 891 2970 a
939 2920 988 2969 G.
1028 2921 1219 2970 Pertzio
1272 2923 1406 2970 facta
1460 2922 1760 2982 continetur,
1815 2923 1865 2967 et
