2094 3140
562 117 752 160 INDEX
783 116 1077 161 NOMINUM
1108 116 1185 160 ET
1217 117 1444 161 RERUM.
1760 118 1832 170 43

210 251 282 295 nis
329 264 353 295 e
393 264 621 294 marmore
667 249 824 307 lapide
872 263 946 293 ex-

211 313 386 355 structa
416 324 460 366 p.
488 314 528 363 6
556 314 579 352 7

151 369 343 427 Oppius
369 367 450 429 (Q.
453 370 474 426 )
498 383 526 412 a
542 367 814 412 Mithridate
839 381 946 424 cap-

208 431 299 482 tus,
323 442 437 485 pace
456 428 516 471 ad
533 427 804 471 Dardanum
819 427 946 471 facta

208 487 258 531 in
332 486 600 531 libertatem
682 485 946 530 vindicatur

150 604 481 651 Orchomenia
505 617 675 661 pugna
697 603 820 648 inter
845 603 946 647 Sul-

153 695 156 697 -
208 664 304 708 lam
358 667 406 708 et
451 665 668 708 Ponticos
715 663 944 707 Archelao

210 724 325 767 duce
359 723 604 767 commissa
634 738 679 780 p.
707 728 776 778 25,
802 727 827 766 3

150 782 294 828 Ostia
325 783 435 826 urbs
479 796 507 825 a
538 782 687 825 Mario
725 796 809 839 per
839 795 944 838 pro-

211 841 436 886 ditionem
468 844 607 898 capta
637 856 681 897 p.
712 846 779 896 18,
805 845 832 883 4

152 900 400 946 Ostiensis
431 902 611 957 portus
645 914 672 943 a
697 899 844 944 Mario
870 914 944 944 oe-

209 964 404 1016 cupatus
435 974 479 1015 p.
508 964 574 1011 18,
601 967 626 1002 3

149 1076 523 1134 Paphlagonia,
571 1090 686 1134 pace
727 1077 787 1120 ad
827 1077 943 1120 Dar-

209 1137 380 1179 danum
422 1135 550 1179 facta
598 1149 625 1178 a
668 1134 942 1179 Mithridate

208 1194 428 1238 Romanis
461 1194 647 1238 reddita
678 1210 722 1251 p.
750 1199 880 1249 27,1;
914 1209 943 1238 a
982 1209 986 1214 ·

208 1253 336 1298 Sulla
381 1267 466 1310 per
507 1253 752 1297 Curionem
797 1267 942 1311 regno

205 1313 456 1368 Bithyniae
489 1312 673 1357 adiecta
703 1328 748 1369 p.
775 1317 845 1367 28,
873 1317 896 1355 7

146 1371 405 1429 Papirius,
438 1387 476 1415 V.
505 1387 537 1415 s.
572 1371 719 1415 Carbo

146 1431 336 1487 Papius
397 1431 642 1475 Mutilus.
676 1430 735 1474 ab
802 1444 942 1475 uxore

205 1489 371 1533 Bassia
403 1489 547 1533 Teani
581 1503 674 1533 non
704 1489 940 1546 recipitur,

205 1549 331 1605 quod
369 1547 420 1591 in
455 1548 820 1605 proscriptorum
857 1564 940 1592 nu-

205 1621 330 1652 mero
356 1610 469 1662 erat,
498 1610 693 1652 mortem
718 1607 809 1652 sibi
833 1622 940 1652 con-

206 1666 362 1710 sciscit
391 1681 436 1723 p.
463 1671 533 1719 32,
560 1671 615 1710 10

148 1727 322 1783 patres
397 1728 588 1770 tuentur
659 1725 941 1783 dignitatem

206 1784 448 1841 antiquam
518 1785 681 1842 populi
740 1785 940 1830 Romani

205 1859 248 1900 p.
259 1849 328 1899 21,
339 1849 380 1899 2,
399 1844 596 1888 cadaver
610 1844 803 1900 Pompei
813 1844 938 1888 Stra-

205 1902 341 1947 bonis
372 1905 540 1960 tegunt
569 1918 614 1960 p.
641 1908 710 1959 23,
736 1909 761 1946 3

145 1962 413 2020 ‘Perseus,
486 1976 565 2006 rex
633 1962 942 2006 Macedonum

145 2036 445 2137 pelstflentia
522 2082 679 2124 vastat
750 2080 942 2137 Pompei

205 2138 447 2183 Strabonis
464 2139 718 2183 exercitum
733 2154 777 2196 p.
797 2145 938 2195 21,11

147 2198 394 2257 Philippi,
405 2197 627 2255 oppidum
636 2198 940 2243 Macedoniae

205 2271 232 2301 a
263 2257 485 2301 Romanis
521 2259 707 2314 captum
739 2273 783 2314 p.
809 2262 888 2313 26,
911 2262 939 2301 4

144 2316 317 2372 Philip
321 2328 414 2372 pus
448 2316 524 2373 (L.
550 2317 797 2374 Marcius)
833 2331 938 2361 con-

204 2375 276 2418 sul
324 2389 488 2432 corpus
529 2374 685 2419 Sullae
734 2389 941 2420 creman-

204 2431 314 2477 dum
346 2436 504 2478 censet
533 2449 578 2490 p.
605 2440 675 2489 32,
702 2439 757 2479 16

143 2492 462 2551 Philopator,
478 2509 517 2537 v.
528 2508 562 2538 s,
578 2493 937 2539 NicomedesHI.

142 2552 528 2609 plebiscitump
495 2567 542 2609 p.
569 2557 638 2606 13,
666 2558 720 2596 13

142 2610 365 2714 Ροὲὲιειὲἱ
381 2611 480 2655 eius
506 2611 818 2669 simulacrum,
842 2627 883 2658 V.
903 2627 937 2658 s.

142 2727 429 2774 Pomerium
461 2729 590 2774 urbis
613 2729 799 2785 Romae,
833 2730 937 2774 finis

201 2787 514 2888 auspiciorum
557 2789 860 2846 urbanorum,
909 2804 938 2834 a

261 2880 298 2949 ‚9
240 2845 522 2960 1G2raccho
580 2862 673 2892 non
727 2851 938 2893 servatus

202 2918 245 2961 P·

1009 249 1243 306 pompa3
1295 249 1552 293 Antiochus
1585 249 1662 294 IV.
1724 249 1834 306 Epi-

1096 309 1273 364 phanes
1305 322 1523 365 pompam
1553 308 1653 366 agit
1683 325 1728 366 p.
1747 314 1787 364 5,
1806 315 1831 352 2

1037 367 1358 426 Pompeiani,
1413 367 1586 411 milites
1641 368 1832 425 Pompei

1097 426 1340 470 Strabonis
1371 442 1416 483 p.
1444 431 1512 481 19,
1539 432 1586 481 23
1627 440 1680 471 eo
1712 441 1831 471 mor-

1094 488 1175 530 tuo
1222 485 1281 529 ab
1315 485 1508 530 Octavio
1541 485 1835 542 accipiuntur

1035 561 1306 660 Polinpeius
1343 602 1454 661 (Cn.
1480 604 1715 662 Magnus)
1747 618 1832 660 pro

1094 665 1308 720 praetore
1326 677 1381 706 ex
1390 662 1557 730 ‘Africa
1573 662 1834 721 triumphat

1093 722 1833 846 f..{‡’3g21002223..32ss;{:3gff333

1093 855 1137 896 p.
1165 845 1219 883 14
1252 853 1356 896 app.
1384 842 1483 883 crit.

1035 898 1306 956 Pompeius
1340 897 1452 956 (Cn.
1479 899 1713 958 Strabo),
1747 900 1831 943 du-

1095 958 1174 1001 bia
1198 958 1438 1002 voluntate
1463 958 1587 1002 bello
1605 959 1831 1014 Mariano,

1095 1016 1269 1061 Cinnae
1309 1031 1546 1061 occurrere
1587 1021 1833 1062 cunctatur

1093 1091 1137 1132 p.
1157 1081 1226 1132 18,
1255 1081 1301 1130 1;
1329 1076 1557 1132 proelium
1582 1077 1834 1121 committit

1093 1149 1198 1178 cum
1238 1134 1439 1179 Sertorio
1480 1151 1523 1192 p.
1553 1141 1627 1191 18,
1654 1141 1701 1192 6;
1747 1136 1833 1180 Oc-

1092 1195 1218 1238 tavio
1251 1195 1300 1237 in
1332 1209 1491 1251 pugna
1515 1196 1599 1238 sub
1625 1195 1832 1240 Ianiculo

1092 1256 1250 1298 monte
1308 1253 1436 1297 facta
1491 1267 1570 1297 sex
1623 1254 1831 1310 legiones

1094 1312 1302 1357 subsidio
1334 1313 1484 1356 mittit
1514 1328 1558 1369 p.
1586 1319 1656 1368 19,
1675 1319 1723 1367 2;
1757 1327 1830 1357 ve-

1092 1373 1165 1415 tat
1227 1371 1473 1416 Octavium
1541 1373 1831 1416 adversarios

1092 1431 1368 1487 persequip.
1394 1435 1462 1486 19,
1482 1435 1530 1484 73
1556 1446 1660 1475 cum
1686 1432 1833 1476 Cinna

1092 1489 1288 1534 consilia
1320 1490 1469 1534 sociat
1499 1505 1542 1546 p.
1569 1495 1639 1547 21,
1658 1496 1684 1534 5
1710 1493 1759 1535 et
1782 1496 1831 1546 83

1090 1549 1251 1593 morbo
1298 1549 1568 1606 implicatur
1612 1565 1656 1607 p.
1685 1555 1755 1605 22,
1782 1555 1831 1604 2,

1090 1607 1286 1652 fulmine
1345 1608 1547 1652 adflatur
1607 1625 1651 1666 p.
1678 1615 1755 1666 22,
1781 1614 1831 1663 3;

1090 1667 1232 1723 paulo
1301 1670 1408 1724 post
1472 1670 1669 1712 mortem
1731 1669 1832 1713 obit

1089 1741 1134 1783 p.
1154 1732 1224 1782 22,
1245 1731 1320 1781 113
1347 1741 1512 1783 corpus
1536 1741 1620 1783 per
1635 1741 1831 1771 caenum

1089 1785 1294 1829 trahitur
1331 1800 1375 1842 p.
1402 1790 1480 1840 23,
1507 1791 1556 1841 13
1594 1789 1751 1843 patres
1784 1789 1832 1831 et

1091 1843 1269 1888 tribuni
1301 1844 1653 1889 multitudinem
1686 1846 1830 1903 repri-

1090 1906 1224 1947 munt
1254 1919 1298 1960 p.
1325 1907 1395 1959 23,
1422 1908 1448 1947 3

1031 1970 1260 2027 Pontici,
1307 1969 1481 2014 milites
1523 1970 1828 2027 Mithridatis,

1091 2043 1196 2072 cum
1241 2028 1446 2085 Dorylao
1494 2030 1732 2086 praefecto
1779 2030 1831 2074 in

1091 2087 1323 2144 Europam
1351 2089 1604 2132 mittuntur
1626 2105 1670 2146 p.
1690 2095 1760 2144 24,
1779 2094 1828 2145 63

1091 2147 1152 2190 ad
1208 2146 1548 2192 Orchomenum
1602 2148 1830 2206 fugantur

1089 2221 1133 2262 p.
1160 2211 1230 2262 25,
1257 2212 1282 2250 3

1031 2273 1250 2331 Pontus,
1298 2287 1493 2330 regnum
1539 2273 1827 2319 Mithridatis

1087 2347 1131 2389 p.
1160 2337 1228 2386 27,
1258 2337 1311 2376 ιο

1030 2397 1306 2455 ‘possessio

1087 2473 1132 2514 p.
1160 2463 1199 2512 9,
1228 2463 1282 2502 13

1027 2524 1343 2581 ‘praefectus
1373 2540 1417 2582 p.
1437 2530 1509 2581 24,
1534 2530 1559 2568 9

1029 2592 1320 2648 praetorius
1351 2607 1396 2649 p.
1423 2596 1492 2647 32,
1519 2597 1545 2636 6

1029 2658 1238 2714 praetor
1268 2658 1493 2703 urbanus
1524 2674 1569 2715 p.
1596 2664 1636 2713 9,
1662 2664 1688 2703 8

1027 2725 1360 2781 propraetor3
1429 2724 1676 2783 Pompeius
1742 2739 1853 2782 pro*

1087 2786 1300 2840 praetore
1332 2783 1593 2840 triumphat
1625 2799 1668 2840 p.
1696 2789 1773 2837 31,
1799 2789 1824 2827 3

1028 2850 1308 2906 proscripti
1345 2850 1527 2894 Sullani
1557 2866 1602 2907 p.
1630 2855 1700 2907 32,
1727 2855 1751 2894 7
1778 2853 1825 2895 et

1406 2398 1507 2457 agri
1600 2399 1827 2457 Campani
