2094 3140
772 143 953 187 LIBER
982 143 1146 191 xxvi.
1177 146 1231 200 (v)
1810 143 1844 195 3

165 301 303 343 πους.
395 283 653 347 Appellati
693 282 700 343 Ι
741 283 976 332 fiexuntes
1032 299 1061 331 a
1116 299 1290 347 genere
1326 277 1331 351 Ι
1368 321 1378 331 .
1413 321 1422 330 .
1449 321 1458 330 .
1486 320 1497 332 .
1531 283 1661 344 quod
1688 322 1695 330 .
1727 277 1731 350 Ι
1761 320 1770 329 .
1797 321 1806 330 .
1835 323 1844 332 .

164 358 410 407 vocabant
434 397 444 407 .
477 397 485 406 .
510 350 514 423 Ι
536 396 547 406 .
574 396 583 405 .
608 355 847 420 ἐφίππιον
874 395 882 403 .
910 395 918 403 .
947 395 955 403 .

163 514 235 559 H:
266 511 950 567 ΚΑΛΛΙΠΟῩΟΑΡΡΕΙιΙιΑΤς
991 515 1289 563 Kal-huncve
1328 512 1540 569 appellat
1579 511 1842 569 (fiexuntes)

162 573 225 627 1²3
256 573 542 622 καλλι’ππους
573 570 827 628 appellant.
860 570 1120 628 (flexuntes)
1153 570 1364 615 Camozzi
1396 574 1529 628 (quos
1563 570 1843 627 Spartiatae,

162 630 406 687 Amyclaei
439 632 486 676 et
518 630 710 686 quidam
734 629 817 673 alii
842 629 1088 686 ἰππαστάς,
1120 629 1334 687 διμάχας,
1367 629 1654 681 καλλίππους
1685 629 1843 687 appel-

160 689 263 734 lant
309 690 382 735 Un
413 704 461 734 er
499 691 550 734 in
589 690 784 746 epistula
814 690 877 734 ad
906 689 980 744 H,
1006 690 1034 733 l.
1058 690 1113 747 c.)
1265 694 1288 733 1
1322 702 1511 747 genere:
1550 691 1754 745 sequitur
1791 689 1844 732 in

159 749 278 794 cod:
316 704 662 804 PnfiDILIUM3
709 748 963 805 pensilium
1003 749 1060 792 H
1065 768 1076 804 3
1115 747 1352 792 textilium
1389 749 1692 806 Heerwayem
1730 760 1844 804 pen-

161 808 318 853 silium
350 807 726 867 (corrigiarum)
758 813 832 852 ten
856 808 1008 852 Brink
1159 812 1184 851 2
1210 805 1436 864 ἐφίππιον
1461 808 1531 852 H:
1558 805 1844 851 EPIPHION

161 867 404 926 (flexuntes
437 881 466 912 a
493 880 661 925 genere
683 866 949 923 puerilium,
982 879 1098 922 quos
1123 866 1311 911 Troiam
1333 866 1578 922 vocabant,
1611 866 1842 921 ludorum,

162 926 384 983 quoniam
432 925 685 983 ephippion
731 925 921 970 iuvenes
967 925 1196 970 militares
1236 925 1504 983 (ducebant)
1555 926 1704 984 Unger
1735 927 1761 969 l.
1789 927 1843 982 c.)

277 1001 322 1043 p.
349 990 391 1041 2,
419 990 549 1042 7—p.
576 990 615 1040 3,
644 990 668 1027 2
704 1020 741 1029 ..
768 998 928 1029 verum
962 985 1019 1028 de
1052 985 1289 1040 equitibus
1327 999 1422 1029 non
1446 984 1682 1041 omittam,
1719 984 1844 1040 quod

159 1044 440 1102 Tarquinius
471 1043 564 1087 fuit
594 1046 770 1099 auctor,
801 1046 855 1088 ut
883 1044 1060 1100 priores
1084 1043 1264 1100 equites
1295 1043 1431 1088 binos
1463 1057 1606 1100 equos
1637 1043 1687 1087 in
1710 1056 1844 1100 proe-

158 1104 275 1148 lium
299 1104 532 1147 ducerent.
579 1103 697 1146 Eam
721 1102 1104 1146 consuetudinem
1127 1103 1319 1158 quidam
1349 1106 1526 1161 negant
1549 1102 1770 1147 Corintho
1794 1102 1843 1145 in

157 1162 346 1207 Italiam
383 1161 588 1216 venisse3
626 1175 712 1206 nec
745 1161 944 1206 Graecos
985 1175 1040 1206 ea
1077 1176 1197 1206 usca
1261 1162 1392 1206 Licet
1432 1162 1702 1206 confirmare
1739 1161 1843 1217 hoc,

160 1221 286 1277 quod
316 1221 524 1277 Amyclis
549 1219 753 1266 Castoris
785 1222 832 1265 et
862 1221 1067 1265 Pollucis
1099 1221 1348 1265 simulacra
1380 1221 1554 1266 siraeos
1587 1235 1730 1277 equos
1760 1220 1844 1264 ha·
1877 1262 1879 1264 .

156 1280 271 1325 bent
299 1279 466 1324 nullos.
530 1279 655 1325 Satis
694 1279 846 1324 habeo
878 1280 1063 1337 antiqui
1101 1280 1228 1324 illius
1259 1280 1358 1325 fani
1391 1279 1701 1336 admonuisse,
1733 1293 1843 1323 nam

156 1339 404 1384 Dioscuros
438 1339 694 1384 statuariae
726 1339 926 1383 artifices
959 1339 1152 1395 quidam
1191 1337 1425 1390 ἀνίππους
1455 1339 1719 1397 fingebant,
1759 1338 1843 1382 alii

156 1400 454 1450 καλλίππους.
517 1398 742 1456 Appellat
778 1399 1004 1443 flexuntes
1038 1412 1066 1442 a
1105 1412 1272 1456 genere
1310 1397 1567 1455 textilium,
1608 1398 1734 1454 quod
1763 1397 1843 1442 fle-

158 1472 271 1515 gum
300 1457 557 1514 vocabant3
588 1471 699 1501 nam
730 1460 984 1514 antequam
1025 1457 1245 1515 ephippio
1285 1458 1499 1502 adsuevit
1535 1456 1753 1502 militaris
1786 1456 1842 1500 li-

163 1516 318 1561 centia
343 1554 352 1564 .
380 1553 388 1562 .
417 1553 424 1561 .
451 1517 745 1576 Heerwayen.
