2094 3140
273 106 344 158 42
671 106 862 149 INDEX
892 104 1182 150 NOMINUN
1213 105 1291 148 ET
1323 105 1550 150 RERUM.

333 239 527 284 Cinnam
542 238 670 282 ducit
682 251 767 293 neq
775 252 832 282 ue
842 237 1068 294 proelium

333 298 532 342 conserit
585 313 630 354 p.
658 302 735 350 23,
767 302 813 350 7,
860 297 1070 353 legatum

333 358 393 400 ad
426 357 620 401 Cinnam
651 356 932 399 mittendum
964 369 1067 399 cen-

332 418 403 459 set
433 431 476 472 p.
503 421 573 471 23,
600 420 654 458 10

271 475 418 519 miles
476 473 683 530 Pompei
744 472 959 530 agnoscit
1018 473 1068 516 in

330 548 490 591 pugna
537 534 620 576 sub
664 531 872 575 Ianiculo
910 535 1068 576 monte

331 593 458 636 facta
489 592 682 634 fratrem
713 605 741 635 a
773 605 820 635 se
851 594 1069 636 necatum

331 667 375 707 p.
402 656 471 706 20,
499 656 523 693 3

271 711 462 754 milites
516 709 737 765 Romani,
793 723 950 753 eorum
998 724 1069 753 or-

332 769 478 822 dines,
510 768 711 823 nomina,
743 768 925 812 numeri
955 784 998 825 p.
1026 774 1067 821 2,

331 834 379 883 2,
419 827 665 884 Caepionis
696 843 739 883 p.
769 832 845 882 11,
873 832 948 882 11,
985 842 1068 871 1111-

328 901 480 930 merus
496 901 667 942 eorum,
686 886 766 941 qui
784 887 911 943 apud
920 888 1066 930 Arau—

330 946 507 989 sionem
538 945 775 989 interfecti
799 947 908 988 sunt
930 961 976 1002 p.
997 950 1067 1002 12,

332 1010 409 1059 11,
448 1004 587 1048 Marii
627 1006 674 1048 et
713 1003 887 1048 Cinnae
925 1020 969 1061 p.
998 1009 1067 1059 17,

329 1069 380 1118 4,
405 1063 586 1107 Metelli
614 1064 675 1106 ad
700 1063 895 1107 Cinnam
917 1067 1068 1107 trans-

329 1122 564 1180 fugientes
609 1138 653 1179 p.
681 1127 758 1178 23,
784 1128 833 1176 8,
884 1122 1068 1167 Pontici

328 1197 372 1239 p.
399 1187 469 1236 24,
496 1187 520 1225 6
554 1184 601 1226 et
633 1187 701 1236 25,
721 1187 769 1236 4,
804 1181 959 1226 Sullae
993 1196 1065 1226 ca-

329 1243 428 1285 stra
462 1240 759 1284 Ponticorum
798 1254 1067 1299 expugnan-

328 1302 399 1344 tes
430 1315 474 1357 p.
501 1305 571 1355 25,
598 1304 623 1343 6

269 1359 512 1404 Milonius
555 1360 742 1402 senator
781 1372 809 1402 a
842 1358 988 1403 Cinna
1021 1361 1069 1402 et

329 1418 476 1462 Mario
515 1418 639 1474 parti
678 1431 902 1473 equorum
935 1431 1068 1475 prae-

329 1477 484 1521 ficitur
507 1492 550 1534 p.
572 1482 640 1532 17,
659 1482 707 1531 5,
732 1476 782 1519 in
797 1491 957 1534 pugna
980 1477 1065 1521 sub

328 1536 535 1580 Ianiculo
581 1539 740 1580 monte
778 1535 907 1580 facta
947 1535 1066 1580 occi-

331 1596 458 1639 ditur
486 1610 531 1652 p.
560 1600 629 1650 19,
655 1600 680 1637 3

269 1655 592 1699 Mithridates
611 1654 883 1712 (Eupator)
928 1653 1067 1698 Ponti

328 1727 431 1770 rex,
478 1713 710 1758 *exercitu
765 1713 826 1756 ad
868 1683 1065 1756 Chaero-

327 1787 465 1817 neam
502 1772 606 1816 fuso
645 1786 788 1816 novas
828 1771 986 1829 copias
1017 1771 1067 1815 in

328 1832 562 1889 Europam
626 1831 776 1875 mittit
835 1846 879 1887 p.
915 1836 991 1886 24,
1018 1835 1066 1886 63

329 1891 455 1948 apud
470 1891 741 1934 Dardanum
759 1890 935 1933 Sullam
961 1904 1067 1934 con-

327 1949 458 1994 venit
504 1949 891 2004 condicionesque
935 1949 1066 2005 pacis

330 2023 436 2053 cum
481 2023 534 2052 eo
575 2008 813 2065 componit
849 2023 894 2064 p.
921 2013 991 2063 27,
1017 2013 1067 2063 8,

328 2067 379 2111 in
395 2068 593 2112 Pontum
611 2067 920 2124 proficiscitur
934 2083 979 2120 p.
996 2071 1066 2124 27,

331 2132 410 2183 10,
451 2126 624 2183 excipit
660 2126 898 2170 Socratem
929 2125 1067 2170 Chre-

330 2189 472 2242 stum,
514 2185 817 2230 Nicomediae
851 2185 1066 2242 regulum

269 2305 466 2349 modius
497 2320 541 2361 p.
568 2308 638 2359 34,
664 2308 689 2348 5

270 2364 631 2408 monimentum
662 2362 801 2406 Marii
831 2378 875 2419 p.
903 2367 972 2419 33,
998 2368 1023 2406 3

270 2423 433 2467 multa
441 2436 458 2478 3
485 2421 614 2466 Sulla
631 2422 771 2466 Asiae
786 2422 925 2466 urbes
950 2421 1066 2465 mul-

330 2483 404 2524 tat
433 2496 476 2537 p.
504 2486 574 2535 28,
600 2486 625 2525 5

269 2540 484 2585 lIurena
537 2553 593 2583 ex
639 2539 754 2583 Asia
806 2538 1066 2596 triumphat

331 2599 579 2656 (glossema
596 2598 871 2656 marginale>
887 2614 931 2655 p.
951 2604 1021 2654 31,
1039 2603 1065 2642 8

271 2658 504 2716 Mutilus,
538 2672 578 2701 v.
605 2671 637 2701 s,
672 2657 878 2714 Pappius

271 2775 555 2831 navigium3
581 2774 835 2818 Archelaus
860 2774 908 2818 in
931 2774 1066 2819 Chal-

332 2834 484 2878 cidem
507 2847 560 2878 eo
588 2834 860 2890 deportatur
891 2849 933 2890 p.
955 2839 1023 2878 26.
1040 2839 1066 2878 3

271 2893 413 2938 navis
423 2906 439 2948 3
487 2892 661 2936 Marius
707 2893 816 2936 navi
855 2892 1067 2950 pervenit

1217 237 1515 281 Telamonem
1553 255 1596 296 p.
1626 244 1703 292 16,
1729 244 1776 294 5,
1822 238 1953 282 navi-

1217 297 1304 340 bus
1358 296 1407 340 in
1460 301 1646 354 portum
1694 298 1955 342 Ostiensem

1219 355 1429 412 subrepit
1459 371 1505 412 p.
1533 362 1602 412 18,
1628 362 1653 400 3

1158 427 1311 460 naves
1349 414 1520 471 longae
1557 415 1775 460 Archelai
1812 431 1856 472 p.
1883 420 1954 472 25,

1218 479 1266 528 2,
1325 473 1626 531 septuaginta
1678 477 1831 519 tectae
1885 474 1958 518 in-

1219 534 1422 576 structae
1463 546 1490 575 a
1524 533 1798 578 Mithridate
1836 547 1953 591 pace

1219 592 1279 634 ad
1325 591 1595 635 Dardanum
1641 592 1769 636 facta
1816 592 1953 637 sociis

1218 651 1532 694 Romanorum
1564 651 1703 695 datae
1733 666 1778 708 p.
1805 657 1875 706 27,
1901 657 1927 695 6

1158 716 1448 761 Nicomedes
1465 717 1536 762 ΙΙ.
1563 718 1841 772 Euergetes
1868 717 1953 761 Ni-

1219 775 1399 819 comedi
1432 775 1525 820 filio
1556 776 1791 820 confertur
1820 791 1864 833 p.
1883 781 1954 833 28,

1219 838 1267 889 8,
1287 847 1342 877 ex
1364 834 1624 878 concubina
1640 835 1805 893 Hagne
1828 835 1957 880 tollit

1219 893 1458 937 Socratem
1487 909 1533 950 p.
1561 899 1638 950 29,
1665 899 1713 949 7,
1759 893 1956 938 moritur

1217 952 1447 996 incertum
1478 968 1538 996 an
1569 966 1743 996 veneno
1774 968 1819 1010 p.
1839 958 1953 1008 29,9

1158 1018 1447 1063 Nicomedes
1484 1019 1585 1063 111.
1652 1019 1956 1076 Philopator

1217 1091 1412 1135 regnum
1458 1077 1709 1133 Bithyniae
1749 1092 1777 1122 a
1824 1077 1955 1122 Sulla

1217 1136 1384 1193 recipit
1413 1152 1458 1193 p.
1486 1142 1563 1191 28,
1589 1142 1636 1191 63
1684 1137 1809 1194 patri
1848 1151 1955 1181 con-

1217 1196 1363 1239 fertur
1386 1212 1429 1252 p.
1447 1201 1514 1252 28,
1536 1201 1582 1250 7,
1614 1196 1791 1252 Nysam
1822 1196 1957 1240 Aria-

1216 1255 1366 1298 rathis
1391 1254 1719 1312 Cappadocum
1748 1254 1872 1312 regis
1904 1256 1956 1298 fi-

1216 1313 1332 1357 liam
1355 1327 1545 1357 uxorem
1577 1313 1707 1358 ducit
1736 1329 1780 1371 p.
1808 1319 1878 1370 30,
1905 1319 1955 1370 2,

1219 1373 1456 1417 Socratem
1508 1372 1699 1418 fratrem
1761 1372 1956 1430 expellit

1158 1490 1283 1536 Nola
1330 1505 1358 1534 a
1397 1490 1682 1535 Samnitibus
1726 1493 1955 1548 occupata

1156 1609 1337 1653 Nolani
1360 1608 1485 1653 bello
1502 1608 1713 1653 Mariano
1738 1608 1956 1652 Abellam

1214 1667 1438 1712 incedunt
1469 1683 1512 1724 p.
1539 1673 1610 1724 20,
1635 1672 1661 1711 8

1156 1727 1345 1772 *Nonae
1364 1726 1607 1782 Octobres,
1632 1742 1698 1784 pr.
1717 1726 1836 1771 Non.
1853 1726 1954 1771 Oct.

1215 1800 1374 1844 pugna
1403 1786 1464 1829 ad
1495 1786 1802 1830 Arausionem
1833 1799 1955 1830 com-

1217 1845 1361 1890 missa
1393 1848 1464 1890 est
1494 1861 1537 1902 p.
1566 1851 1634 1902 12,
1662 1850 1714 1888 11

1157 1904 1312 1962 Nysa,
1361 1903 1624 1948 Ariarathis
1670 1903 1795 1962 regis
1839 1903 1956 1960 Cap-

1216 1964 1448 2021 padocum
1464 1963 1576 2019 filia,
1592 1962 1860 2007 Nicomedis
1876 1963 1953 2007 ΙΠ.

1217 2037 1331 2066 uxor
1361 2038 1404 2079 p.
1425 2027 1496 2078 30,
1522 2028 1569 2076 2,
1605 2035 1762 2080 regem
1794 2023 1955 2066 contra

1215 2082 1408 2125 fratrem
1457 2081 1726 2126 incitavisse
1782 2080 1955 2125 dicitur

1159 2286 1442 2347 Octaviani,
1459 2287 1632 2332 milites
1645 2286 1830 2332 Octavii
1847 2301 1956 2331 con·

1217 2346 1330 2391 sulis
1361 2362 1406 2404 p.
1434 2351 1502 2403 19,
1527 2352 1576 2402 4,
1610 2352 1679 2402 22,
1707 2352 1729 2391 1

1159 2412 1397 2459 Octavius
1412 2412 1548 2472 (Cn.)
1582 2413 1743 2458 consul
1768 2426 1795 2456 a
1819 2413 1953 2457 Pom-

1214 2472 1321 2530 peio
1347 2472 1574 2517 Strabone
1603 2473 1653 2515 in
1676 2486 1836 2529 pugna
1866 2471 1952 2515 sub

1213 2531 1422 2575 Ianiculo
1446 2534 1605 2575 monte
1629 2531 1755 2575 facta
1772 2544 1852 2574 sex
1876 2543 1954 2574 co-

1216 2590 1375 2634 hortes
1422 2590 1595 2647 accipit
1639 2605 1682 2647 p.
1719 2594 1795 2644 19,
1829 2594 1876 2644 2,
1924 2603 1953 2633 a

1215 2649 1437 2707 Pompeio
1472 2649 1597 2693 ultra
1626 2647 1845 2705 progredi
1876 2661 1953 2692 ve-

1215 2708 1331 2753 titus
1364 2711 1434 2752 est
1464 2723 1505 2765 p.
1536 2711 1605 2763 19,
1631 2712 1678 2762 7,
1716 2707 1893 2751 celatur
1924 2721 1954 2751 a

1215 2767 1436 2824 Pompeio
1484 2767 1542 2810 de
1586 2765 1791 2810 consiliis
1833 2765 1950 2809 clam

1147 2844 1166 2868 ο
1217 2840 1322 2869 011111
1358 2825 1505 2869 Cinna
1545 2824 1734 2869 sociatis
1771 2840 1817 2881 p.
1837 2829 1952 2881 21,9

1158 2891 1448 2950 Olympion‚
1486 2892 1624 2935 aedes
1656 2891 1777 2936 Iovis
1809 2892 1952 2935 Athe-
