2094 3140
789 113 1144 160 PRAEFATIO.
1677 115 1805 159 XVII

134 275 260 322 quae
298 258 432 321 apud
461 256 591 320 App.
615 257 699 304 Mi.
728 258 796 305 10
829 257 1109 304 servantur:
1149 252 1426 318 Νικομήδει
1464 250 1516 302 δὲ
1553 257 1618 321 τῷ
1651 256 1807 304 Νικο-

132 332 321 397 μήδους
349 338 436 380 τοῦ
467 330 741 396 Προυσίου,
778 328 1054 387 Βινθυνίας
1086 324 1153 386 ὡς
1183 324 1404 396 πατρῴας
1435 325 1531 378 ὑπὸ
1557 304 1807 392 Ρωμαίων

132 402 470 470 ἀποδειχθέντι
515 403 813 469 βασιλεύειν,
859 401 1112 492 Σωκράτη
1141 400 1225 450 τὸν
1272 399 1487 464 ἀδελφὸν
1515 400 1678 451 αὐτοῦ
1712 403 1807 451 Νι-

130 478 399 543 κομήδους,
431 477 524 548 ὅτῳ
554 476 758 544 χρηστὸς
788 467 1112 540 ἐπώνυμον
1082 494 1162 539 ην,
1194 474 1311 538 μετὰ
1343 482 1567 540 στρατιᾶς
1598 474 1806 539 ἔπεμψε

132 551 215 602 καὶ
252 551 342 615 τὴν
373 555 610 601 Βιθυνῶν
642 549 795 617 ἀρχὴν
835 547 861 599 ὅ
893 548 1159 613 Σωκράτης
1196 547 1247 607 ἐς
1285 547 1434 598 αυτὸν
1473 546 1809 614 περιέσπασεν,

135 630 185 676 61
225 628 317 675 572
358 625 650 716 Νικομήδης
681 622 733 674 δὲ
764 623 971 673 αἰτιᾶται
1002 620 1089 687 μέν
1128 636 1179 670 σε
1210 621 1292 671 καὶ
1317 616 1637 689 Ἀλέξανδρον
1676 621 1809 690 αὐτῷ

120 699 216 749 ,τὸν
255 699 307 749 τὸ
348 707 485 764 σῶμα
527 699 772 764 τρώσοντα
817 695 1114 761 ἐπιπέμψαι,
1157 694 1240 744 καὶ
1278 696 1518 761 Σωκράτη
1563 695 1649 746 τὸν
1693 715 1810 762 χρη-

132 773 247 823 στὸν
293 772 374 823 ἕπὶ
418 772 510 837 τὴν
556 770 734 838 ἀρχήν,
786 770 870 820 καὶ
914 770 1025 820 τάδε
1080 768 1227 829 αὐτὸς
1272 768 1580 834 ἀμυνόμενος
1625 768 1674 829 ἐς
1720 769 1811 834 τὴν

132 846 226 911 σὴν
256 846 498 913 ἐμβαλεῖν.
558 847 694 895 Ι)1611
732 846 931 908 quidem
960 846 1219 907 Appianus
1253 844 1505 892 Socratem
1548 860 1577 891 a
1615 845 1810 893 Mithri-

133 922 247 970 date
302 922 363 970 ad
418 922 603 970 bellum
657 923 828 968 contra
880 921 1086 967 fratrem
1134 920 1398 966 incitatum
1451 934 1576 979 esse,
1630 915 1811 984 ἡσυχά-

134 996 276 1055 ζοντα
314 993 396 1043 καὶ
434 994 719 1042 δικαιοῦντα
757 992 841 1042 τὸν
873 991 1199 1058 πρεσβύτερον
1229 1010 1391 1057 αρχειν
1431 985 1485 1058 (l.
1512 1008 1550 1040 c.
1579 986 1687 1059 13),
1726 1009 1812 1041 ne-

135 1086 229 1132 que
274 1072 442 1116 tamen
495 1069 674 1131 legatis
729 1082 927 1134 causam
972 1066 1254 1114 Nicomedis
1309 1066 1684 1115 defendentibus
1737 1069 1814 1114 ita

132 1157 363 1206 magnam
402 1141 548 1188 fidem
586 1141 790 1202 habeas,
828 1156 946 1188 nam
976 1156 1035 1187 ex
1066 1138 1219 1187 Grani
1251 1140 1343 1187 etsi
1373 1140 1617 1188 mutilatis
1648 1141 1812 1189 verbis

132 1231 396 1280 cognoscas
421 1215 674 1263 Socratem
703 1215 842 1276 Nysa
874 1216 1072 1262 auctore
1103 1229 1133 1260 a
1170 1214 1324 1261 fratre
1362 1230 1513 1277 regno
1553 1213 1813 1297 depulsum

133 1292 183 1338 et
222 1305 251 1337 a
288 1289 576 1337 Mithridate
614 1288 824 1352 benigne
861 1290 1113 1350 receptum
1154 1303 1277 1348 6336,
1318 1304 1463 1349 quem
1503 1304 1614 1335 eum
1651 1289 1812 1350 impus-

136 1364 252 1412 11336
292 1379 503 1424 66113633,
541 1365 599 1410 111
635 1363 781 1410 fratri
817 1362 1003 1409 bellum
1040 1362 1257 1408 inferret.

243 1455 290 1499 p.
317 1438 402 1497 35,
437 1440 463 1484 1
516 1431 578 1485 et
622 1431 893 1485 consules
940 1430 1078 1484 dato
1124 1429 1397 1483 exercitu
1437 1461 1506 1467 —
1545 1429 1813 1496 legatum

134 1519 308 1559 suum
337 1504 671 1574 praemisit]
705 1525 805 1557 non
839 1509 1060 1571 dubium,
1099 1509 1219 1570 quin
1256 1509 1499 1557 tumultus
1530 1508 1812 1571 Lepidanus

135 1584 452 1646 describatur,
491 1600 648 1646 neque
678 1585 861 1644 tamen,
901 1584 1012 1645 quis
1045 1598 1288 1631 connexus
1327 1599 1491 1631 rerum
1530 1583 1812 1631 verborum-

136 1674 229 1720 que
269 1661 523 1706 contextus
562 1658 642 1718 311,
678 1658 826 1719 plane
866 1659 1088 1720 apparet.

244 1731 357 1780 Non
408 1733 464 1779 in
510 1733 673 1780 animo
721 1734 829 1779 erat
862 1745 1279 1792 unamquamque
1335 1732 1667 1787 coniecturam
1720 1732 1815 1779 etsi

134 1805 310 1854 leviter
338 1808 535 1853 tantum
565 1805 908 1868 perstringere.
969 1804 1195 1868 Longum
1231 1807 1318 1852 est.
1381 1803 1613 1855 Ceterum
1652 1821 1812 1853 emen-

135 1879 358 1927 dationes
390 1879 466 1927 ab
512 1879 626 1927 aliis
671 1879 792 1927 viris
838 1878 995 1927 doctis
1033 1879 1215 1926 allatae
1254 1877 1570 1926 confirmatae
1608 1881 1724 1927 sunt
1759 1878 1813 1926 in

134 1953 317 2001 111161113
357 1969 388 2001 3
417 1969 495 2001 1116
527 1967 675 2014 supra
705 1953 905 2014 notatis,
946 1955 996 2000 et
1024 1953 1293 2000 multarum
1332 1953 1723 2000 coniecturarum
1762 1955 1814 2001 et

135 2027 534 2075 emendationum
577 2027 794 2075 rationes
840 2029 891 2074 et
928 2028 1220 2090 argumenta
1259 2042 1317 2074 ex
1355 2028 1603 2089 apparatu
1640 2027 1811 2075 critico

133 2100 350 2162 locisque
394 2100 642 2149 historicis
681 2116 711 2147 a
747 2116 825 2148 me
863 2102 917 2148 in
961 2100 1178 2148 medium
1214 2100 1423 2163 prolatis
1463 2101 1651 2148 elucere
1680 2101 1814 2148 1111111

134 2173 378 2222 videntur.
460 2174 574 2222 Non
618 2173 791 2238 ignoro
844 2190 906 2222 ne
943 2175 1074 2222 hunc
1113 2174 1310 2236 quidem
1348 2174 1569 2222 laborem
1609 2174 1670 2222 ab
1709 2190 1812 2222 om-

134 2247 278 2295 nibus
323 2247 547 2331 partibus
592 2247 864 2331 perfectum
917 2251 968 2296 61
1019 2247 1300 2296 absolutum
1353 2263 1477 2309 esse,
1531 2248 1616 2296 sed
1664 2247 1813 2310 quod,

136 2323 377 2383 quantum
414 2323 468 2370 in
504 2338 583 2369 me
621 2324 728 2369 erat
764 2322 946 2370 virium
985 2324 1036 2370 et
1070 2322 1276 2382 roboris,
1312 2323 1366 2370 in
1411 2338 1523 2369 611111
1563 2324 1813 2375 auctorem

135 2396 340 2456 contuh',
377 2395 430 2442 in
462 2411 608 2457 quem
640 2398 690 2444 et
726 2395 932 2459 vulgare
954 2392 1128 2444 fflud‘
1133 2412 1327 2444 omnem
1357 2384 1625 2444 humanam
1655 2396 1808 2445 scien-

133 2470 259 2517 113111
289 2485 516 2517 11131163111
548 2465 668 2518 6336’
703 2472 753 2517 61
784 2469 994 2517 alterum
1023 2466 1093 2518 ‘et
1121 2470 1336 2518 voluisse
1367 2472 1446 2518 sat
1477 2466 1598 2518 esse'
1630 2470 1811 2518 mirum

133 2543 187 2590 in
224 2543 426 2592 modum
465 2545 722 2591 convenire
756 2543 999 2604 videntur,
1035 2544 1128 2592 hoc
1158 2544 1382 2591 libellum
1414 2544 1644 2591 emissum
1681 2544 1811 2591 bona

136 2632 247 2664 cum
284 2618 430 2665 venia
469 2618 743 2679 excipiatur
782 2618 833 2664 et
868 2617 1079 2680 benigne
1116 2617 1373 2666 iudicetur.

245 2691 434 2752 Restat,
475 2693 533 2738 ut
570 2684 638 2740 E.
670 2684 1072 2756 Woelfflinfl),
1119 2692 1275 2753 equiti
1316 2692 1675 2751 illust1issim0‚
1722 2693 1811 2753 qui
1852 2727 1857 2731 1

135 2779 234 2812 11011
271 2764 439 2826 modo,
484 2767 542 2812 ut
585 2766 687 2813 iam
725 2781 874 2827 supra
919 2764 1044 2826 dixi,
1090 2765 1153 2813 ad
1193 2764 1346 2813 Grani
1386 2781 1511 2827 quae
1549 2767 1812 2827 supersunt

138 2837 324 2885 edenda
360 2855 438 2887 me
477 2839 774 2899 stimulavit,
820 2838 904 2887 sed
942 2839 1093 2887 etiam
1139 2855 1248 2888 cum
1288 2839 1495 2887 scientia
1531 2839 1622 2886 1113
1660 2841 1809 2901 atque

136 2910 383 2973 doctrina,
428 2928 554 2974 quae
600 2915 790 2974 quanta
834 2913 886 2959 in
933 2929 990 2961 eo
1036 2914 1137 2961 sint
1187 2928 1331 2961 nemo
1384 2912 1556 2961 doctus
1602 2916 1677 2961 est
1722 2912 1809 2974 qui

225 3000 404 3034 Gnurms
427 3001 676 3035 meunus.
1513 2995 1543 3037 b
