2094 3140
599 687 906 755 GRANI
942 685 1428 754 LICINIANI

829 800 969 844 Liber
1001 800 1182 844 XXXV.

283 995 291 1003 .
320 995 328 1004 .
357 949 415 1024 ,ΙΙ
437 958 600 1019 ipsum
639 957 799 1004 facere
846 957 944 1004 nisi
983 955 1114 1017 quod
1149 952 1154 1018 Ι
1188 955 1279 1003 illa
1317 956 1608 1017 suasissent,
1645 956 1850 1017 placuit,

169 1032 221 1079 id
253 1030 383 1092 quod
417 1030 423 1091 Ι
458 1046 727 1092 numquam
759 1030 884 1078 alias
915 1026 1045 1091 (ac)
1076 1045 1166 1091 pro
1200 1022 1438 1095 colsslegio,
1479 1029 1598 1091 quid
1627 1031 1680 1076 in
1709 1030 1850 1078 libris

170 1097 420 1171 fataliffbus
457 1106 686 1164 seriptmn
717 1106 854 1163 esset,
884 1103 1053 1165 palam
1082 1098 1086 1169 Ι
1114 1103 1334 1151 recitare.
1371 1102 1642 1152 Constabat
1671 1098 1851 1169 notalri

169 1178 381 1226 carmine
423 1176 579 1226 Cinna
618 1192 793 1237 sexque
827 1175 833 1237 Ι
867 1176 1080 1225 tribunis
1119 1178 1284 1238 patria
1315 1178 1470 1239 pulsis
1508 1172 1851 1242 tranlquillum

168 1253 325 1299 otium
364 1253 414 1299 et
451 1244 782 1318 seculritatem
819 1251 1054 1299 futuram.

278 1326 346 1373 Et
377 1327 484 1374 erat
517 1322 523 1388 Ι
559 1326 835 1388 auspicium
867 1327 916 1373 et
947 1326 1197 1386 superiore
1233 1320 1238 1388 Ι
1274 1340 1390 1373 casu
1421 1325 1580 1372 Mario
1612 1324 1847 1373 oblatum.

166 1399 298 1448 Nam
333 1396 339 1464 Ι
374 1415 484 1447 cum
531 1399 590 1447 de
637 1400 848 1447 conclavi
891 1399 1087 1463 fugiens
1129 1392 1135 1465 Ι
1175 1398 1415 1447 barbarus
1456 1401 1685 1460 apertum
1722 1393 1846 1465 reli-l

291 1560 314 1598 1
346 1554 500 1611 ipsum
530 1554 703 1613 facere]
735 1555 797 1598 In
826 1555 916 1609 fine
944 1555 1194 1610 superioris
1224 1555 1430 1612 payinae
1459 1555 1632 1610 scripta
1663 1568 1752 1599 esse
1782 1555 1849 1599 vi-

170 1615 355 1668 dentur,
400 1627 515 1670 quae
562 1615 747 1672 kqimus
785 1628 859 1670 ap.
892 1614 1013 1670 App.
1050 1615 1133 1658 civ.
1166 1618 1217 1668 1,
1250 1617 1328 1657 64:
1371 1611 1638 1664 Ὀκταούϊος
1671 1649 1679 1657 .
1716 1648 1725 1658 .
1761 1648 1769 1657 .
1804 1610 1850 1663 ἐς

171 1674 222 1718 τὸ
253 1680 343 1717 τῶν
374 1672 674 1729 Διοσκούρων
707 1670 834 1730 ἱερὸν
865 1675 1103 1729 παρῆλθε,
1143 1670 1244 1717 τὸν
1275 1672 1490 1717 Κίνναν
1522 1668 1848 1731 ἐκτρεπόμε-

168 1746 265 1788 νος
297 1768 305 1777 .
333 1767 342 1777 .
370 1766 415 1776 ..
449 1733 569 1776 Ibid.
595 1736 646 1787 1,
671 1735 751 1777 65:
798 1731 827 1787 ἡ
867 1731 952 1789 μὲν
993 1731 1052 1787 δὴ
1094 1732 1234 1791 βουλὴ
1281 1730 1382 1776 τὸν
1422 1732 1654 1783 Κίνναν,
1696 1732 1759 1782 ὡς
1797 1729 1849 1776 ἐν

170 1791 374 1850 κινδύνῳ
405 1807 454 1835 τε
485 1790 570 1847 τὴν
601 1788 737 1835 πόλιν
768 1790 1085 1835 καταλιπόντα
1117 1789 1297 1834 ὕπατον
1333 1790 1413 1834 καὶ
1445 1790 1629 1841 δούλοις
1660 1787 1848 1835 ἐλευθε-

171 1852 279 1907 ρζαν
316 1850 606 1907 κηρύξαντα,
644 1846 963 1908 ἐψηφίσατο
1000 1846 1142 1905 μήτε
1179 1845 1397 1894 ὕπατον
1435 1847 1576 1906 μήτε
1613 1850 1849 1906 πολίτην

169 1908 332 1954 εἰναι.
402 1910 509 1953 Vell.
535 1912 589 1963 2,
611 1912 697 1964 20,
721 1911 770 1953 3:
810 1921 838 1954 e
870 1920 971 1964 qua
1003 1910 1080 1965 (sc.
1114 1908 1246 1965 urbe)
1278 1909 1457 1966 pulsus
1489 1908 1697 1966 collegae
1729 1908 1849 1966 opti-

168 1967 458 2025 matiumque
483 1967 660 2012 viribus
685 1981 791 2011 cum
813 1967 863 2011 in
879 1966 1182 2024 Campaniam
1202 1968 1428 2023 tenderet,
1455 1981 1516 2012 ex
1539 1968 1849 2013 auctoritate

169 2028 376 2073 senatus
409 2027 702 2072 consulatus
734 2027 782 2072 ei
807 2027 1084 2082 abrogatus
1115 2027 1205 2071 est.
1327 2033 1354 2071 4
1387 2026 1534 2071 Cinna
1566 2041 1736 2084 sexque
1766 2027 1848 2070 tri-

169 2086 309 2131 bunis
340 2113 397 2119 —
431 2085 600 2145 pulsis]
641 2086 743 2131 Liv.
771 2100 868 2143 per.
902 2090 982 2131 79:
1022 2085 1078 2131 L.
1104 2084 1158 2131 C.
1185 2085 1342 2131 Cinna
1376 2122 1383 2130 .
1420 2122 1428 2130 .
1464 2122 1472 2130 .
1505 2087 1684 2143 pulsus
1723 2087 1848 2131 urbe

171 2159 200 2189 a
223 2145 301 2189 Cn.
321 2144 512 2190 Octavio
540 2158 651 2190 cum
677 2157 767 2191 sex
789 2145 1016 2200 tribunis
1074 2144 1224 2190 lehis.
1349 2150 1372 2188 7
1390 2144 1573 2202 fugiens
1597 2146 1846 2204 barbarus]

170 2206 293 2249 Plut.
322 2206 447 2249 Mar.
475 2207 554 2249 39:
580 2202 846 2261 Ἐξῆλθεν
869 2202 971 2249 οὐν
1003 2203 1179 2260 ευθὺς
1205 2200 1237 2249 ὁ
1261 2203 1543 2262 βάρβαρος
1574 2209 1737 2263 φυγῇ,
1769 2206 1849 2249 καὶ

168 2265 220 2307 τὸ
254 2265 389 2319 ξίφος
421 2259 472 2307 ἐν
504 2262 624 2323 μέσῳ
657 2264 930 2323 καταβαλὼν
963 2259 1163 2323 ἐχώρει
1195 2263 1292 2308 διὰ
1325 2266 1541 2323 θυρῶν.

259 2437 262 2440 ·
291 2414 334 2462 1)
365 2410 711 2465 EUASISSET3
752 2410 986 2456 evasisset.
1018 2410 1199 2468 placuit
1228 2416 1304 2456 etc.
1339 2411 1402 2466 P;
1441 2410 1658 2455 illaesum
1696 2411 1846 2455 misis-

170 2472 242 2513 set
273 2471 518 2515 Francken
548 2471 645 2527 (qui
675 2471 858 2515 conicit:
892 2473 1080 2515 senatus
1113 2472 1270 2514 censet
1300 2484 1394 2515 non
1423 2469 1573 2515 videri
1597 2470 1847 2526 quicquam

170 2531 332 2572 contra
376 2542 518 2587 remp.
567 2528 720 2586 ipsum
766 2529 1047 2587 (Octavium)
1092 2529 1268 2583 facere,
1321 2528 1414 2573 nisi
1460 2530 1586 2586 quod
1631 2530 1847 2573 illaesum

170 2586 398 2646 (Cinnam)
428 2587 649 2645 misisset)
770 2593 795 2632 2
827 2587 878 2632 id
917 2589 1084 2644 Woelff
1087 2590 1175 2633 lin:
1207 2588 1284 2631 ET
1419 2588 1847 2633 ALIASPROCOL·

168 2646 348 2691 LEGIO
489 2651 514 2690 3
548 2647 772 2704 scriptum
804 2650 925 2692 esset
955 2649 1016 2693 P:
1059 2647 1428 2693 SERmOSSET
1583 2654 1612 2692 4
1643 2647 1848 2691 carmine

170 2731 225 2738 —
249 2705 450 2750 tribunis
476 2707 547 2751 M:
580 2705 1373 2762 EAGMINECINNASEAOETRIffi
1407 2706 1614 2751 carmina
1638 2706 1860 2762 Cinnam‚.

172 2763 253 2819 qui
282 2764 432 2809 tribus
463 2766 619 2823 patria
649 2765 797 2822 pulsis
822 2767 868 2810 P
984 2770 1010 2809 6
1041 2765 1341 2820 PETERAT3
1373 2768 1582 2822 repetam
1614 2767 1844 2823 Bernays3

170 2821 367 2867 referam
411 2824 467 2868 H
511 2825 723 2879 (referam
772 2827 820 2869 et
865 2824 1121 2882 auspicium
1169 2826 1281 2869 ibid.
1330 2827 1382 2869 in
1427 2827 1557 2879 adn.;
1602 2828 1846 2882 praeterea

169 2882 430 2998 gippicHium
461 2886 533 2927 est
564 2884 625 2928 M
744 2889 766 2927 7
802 2883 1010 2928 conclavi
1035 2886 1098 2929 P:
1132 2884 1386 2940 conannh
1421 2883 1637 2928 conclave
1669 2885 1846 2941 (omisso

1882 1264 1908 1302 5
