<?xml version="1.0" encoding="UTF-8"?>
<!DOCTYPE html PUBLIC "-//W3C//DTD XHTML 1.0 Transitional//EN"
    "http://www.w3.org/TR/xhtml1/DTD/xhtml1-transitional.dtd">
<html xmlns="http://www.w3.org/1999/xhtml" xml:lang="en" lang="en">
 <head>
  <title>
</title>
<meta http-equiv="Content-Type" content="text/html;charset=utf-8" />
  <meta name='ocr-system' content='tesseract 3.04.00' />
  <meta name='ocr-capabilities' content='ocr_page ocr_carea ocr_par ocr_line ocrx_word'/>
</head>
<body>
  <div class='ocr_page' id='page_1' title='image "./granilicinianiqu00liciuoft_0007.png"; bbox 0 0 2094 3140; ppageno 0'>
   <div class='ocr_carea' id='block_1_1' title="bbox 712 689 1273 775">
    <p class='ocr_par' dir='ltr' id='par_1_1' title="bbox 712 689 1273 775">
     <span class='ocr_line' id='line_1_1' title="bbox 712 689 1273 775; baseline -0.002 0"><span class='ocrx_word' id='word_1_1' title='bbox 712 689 1273 775; x_wconf 80' lang='lat' dir='ltr'><strong>PRAEFATIO.</strong></span> 
     </span>
    </p>
   </div>
   <div class='ocr_carea' id='block_1_2' title="bbox 152 865 1885 3066">
    <p class='ocr_par' dir='ltr' id='par_1_2' title="bbox 152 865 1885 3001">
     <span class='ocr_line' id='line_1_2' title="bbox 271 865 1837 938; baseline -0.001 -16"><span class='ocrx_word' id='word_1_2' title='bbox 271 873 646 938; x_wconf 73' lang='lat' dir='ltr'>Quinquaginta</span> <span class='ocrx_word' id='word_1_3' title='bbox 683 874 834 921; x_wconf 85' lang='lat' dir='ltr'>ferme</span> <span class='ocrx_word' id='word_1_4' title='bbox 876 874 993 921; x_wconf 92' lang='lat' dir='ltr'>anni</span> <span class='ocrx_word' id='word_1_5' title='bbox 1032 875 1159 936; x_wconf 89' lang='lat' dir='ltr'>sunt,</span> <span class='ocrx_word' id='word_1_6' title='bbox 1203 888 1312 920; x_wconf 88' lang='lat' dir='ltr'>cum</span> <span class='ocrx_word' id='word_1_7' title='bbox 1353 865 1644 934; x_wconf 74' lang='lat' dir='ltr'><strong>Georgius</strong></span> <span class='ocrx_word' id='word_1_8' title='bbox 1682 867 1837 921; x_wconf 78' lang='lat' dir='ltr'>Hen-</span> 
     </span>
     <span class='ocr_line' id='line_1_3' title="bbox 159 942 1837 1010; baseline -0.001 -15"><span class='ocrx_word' id='word_1_9' title='bbox 159 942 322 997; x_wconf 77' lang='lat' dir='ltr'>ricus</span> <span class='ocrx_word' id='word_1_10' title='bbox 352 942 529 996; x_wconf 72' lang='lat' dir='ltr'>Pertz</span> <span class='ocrx_word' id='word_1_11' title='bbox 564 964 622 996; x_wconf 82' lang='lat' dir='ltr'>ex</span> <span class='ocrx_word' id='word_1_12' title='bbox 653 947 817 995; x_wconf 90' lang='lat' dir='ltr'>codice</span> <span class='ocrx_word' id='word_1_13' title='bbox 848 948 1005 994; x_wconf 88' lang='lat' dir='ltr'>musei</span> <span class='ocrx_word' id='word_1_14' title='bbox 1035 946 1311 995; x_wconf 77' lang='lat' dir='ltr'>Britannici</span> <span class='ocrx_word' id='word_1_15' title='bbox 1346 949 1423 994; x_wconf 93' lang='lat' dir='ltr'>ter</span> <span class='ocrx_word' id='word_1_16' title='bbox 1454 948 1652 1010; x_wconf 87' lang='lat' dir='ltr'>scripto,</span> <span class='ocrx_word' id='word_1_17' title='bbox 1693 963 1837 1009; x_wconf 92' lang='lat' dir='ltr'>quem</span> 
     </span>
     <span class='ocr_line' id='line_1_4' title="bbox 160 1020 1838 1085; baseline -0.001 -15"><span class='ocrx_word' id='word_1_18' title='bbox 160 1038 203 1070; x_wconf 91' lang='lat' dir='ltr'>a.</span> <span class='ocrx_word' id='word_1_19' title='bbox 238 1022 378 1070; x_wconf 88' lang='lat'>1853</span> <span class='ocrx_word' id='word_1_20' title='bbox 425 1023 640 1085; x_wconf 85' lang='lat' dir='ltr'>primum</span> <span class='ocrx_word' id='word_1_21' title='bbox 692 1020 994 1082; x_wconf 73' lang='lat' dir='ltr'>inspexerat,</span> <span class='ocrx_word' id='word_1_22' title='bbox 1045 1036 1086 1067; x_wconf 91' lang='lat' dir='ltr'>a.</span> <span class='ocrx_word' id='word_1_23' title='bbox 1131 1021 1270 1068; x_wconf 87' lang='lat'>1855</span> <span class='ocrx_word' id='word_1_24' title='bbox 1325 1022 1542 1069; x_wconf 90' lang='lat' dir='ltr'>tractare</span> <span class='ocrx_word' id='word_1_25' title='bbox 1595 1023 1838 1084; x_wconf 86' lang='lat' dir='ltr'>coeperat,</span> 
     </span>
     <span class='ocr_line' id='line_1_5' title="bbox 159 1093 1837 1157; baseline -0.001 -14"><span class='ocrx_word' id='word_1_26' title='bbox 159 1094 312 1144; x_wconf 85' lang='lat' dir='ltr'>Grani</span> <span class='ocrx_word' id='word_1_27' title='bbox 342 1095 589 1143; x_wconf 89' lang='lat' dir='ltr'>Liciniani</span> <span class='ocrx_word' id='word_1_28' title='bbox 627 1093 866 1142; x_wconf 92' lang='lat' dir='ltr'>librorum</span> <span class='ocrx_word' id='word_1_29' title='bbox 900 1110 1024 1155; x_wconf 91' lang='lat' dir='ltr'>quae</span> <span class='ocrx_word' id='word_1_30' title='bbox 1056 1097 1319 1156; x_wconf 73' lang='lat' dir='ltr'>supersunt</span> <span class='ocrx_word' id='word_1_31' title='bbox 1348 1096 1400 1142; x_wconf 87' lang='lat' dir='ltr'>in</span> <span class='ocrx_word' id='word_1_32' title='bbox 1431 1095 1590 1143; x_wconf 91' lang='lat' dir='ltr'>lucem</span> <span class='ocrx_word' id='word_1_33' title='bbox 1621 1096 1837 1157; x_wconf 86' lang='lat' dir='ltr'>profere-</span> 
     </span>
     <span class='ocr_line' id='line_1_6' title="bbox 157 1167 1837 1232; baseline -0.001 -15"><span class='ocrx_word' id='word_1_34' title='bbox 157 1170 256 1218; x_wconf 89' lang='lat' dir='ltr'>bat.</span> <span class='ocrx_word' id='word_1_35' title='bbox 337 1167 426 1216; x_wconf 83' lang='lat' dir='ltr'>Oui</span> <span class='ocrx_word' id='word_1_36' title='bbox 464 1185 577 1216; x_wconf 91' lang='lat' dir='ltr'>cum</span> <span class='ocrx_word' id='word_1_37' title='bbox 614 1184 712 1215; x_wconf 94' lang='lat' dir='ltr'>non</span> <span class='ocrx_word' id='word_1_38' title='bbox 751 1167 1059 1231; x_wconf 85' lang='lat' dir='ltr'>contigisset,</span> <span class='ocrx_word' id='word_1_39' title='bbox 1109 1170 1166 1216; x_wconf 91' lang='lat' dir='ltr'>ut</span> <span class='ocrx_word' id='word_1_40' title='bbox 1211 1184 1333 1230; x_wconf 90' lang='lat' dir='ltr'>opus</span> <span class='ocrx_word' id='word_1_41' title='bbox 1377 1171 1656 1232; x_wconf 91' lang='lat' dir='ltr'>susceptum</span> <span class='ocrx_word' id='word_1_42' title='bbox 1693 1168 1837 1230; x_wconf 91' lang='lat' dir='ltr'>perfi-</span> 
     </span>
     <span class='ocr_line' id='line_1_7' title="bbox 157 1241 1837 1305; baseline -0.001 -14"><span class='ocrx_word' id='word_1_43' title='bbox 157 1245 289 1291; x_wconf 89' lang='lat' dir='ltr'>ceret</span> <span class='ocrx_word' id='word_1_44' title='bbox 330 1269 392 1275; x_wconf 91' lang='lat'>—</span> <span class='ocrx_word' id='word_1_45' title='bbox 428 1258 585 1305; x_wconf 91' lang='lat' dir='ltr'>neque</span> <span class='ocrx_word' id='word_1_46' title='bbox 626 1242 756 1289; x_wconf 87' lang='lat' dir='ltr'>enim</span> <span class='ocrx_word' id='word_1_47' title='bbox 793 1242 866 1289; x_wconf 90' lang='lat' dir='ltr'>ita</span> <span class='ocrx_word' id='word_1_48' title='bbox 903 1242 1049 1290; x_wconf 85' lang='lat' dir='ltr'>valde</span> <span class='ocrx_word' id='word_1_49' title='bbox 1086 1242 1139 1289; x_wconf 94' lang='lat' dir='ltr'>in</span> <span class='ocrx_word' id='word_1_50' title='bbox 1179 1241 1342 1290; x_wconf 87' lang='lat' dir='ltr'>codice</span> <span class='ocrx_word' id='word_1_51' title='bbox 1381 1243 1694 1291; x_wconf 89' lang='lat' dir='ltr'>describendo</span> <span class='ocrx_word' id='word_1_52' title='bbox 1725 1258 1837 1303; x_wconf 90' lang='lat' dir='ltr'>pro-</span> 
     </span>
     <span class='ocr_line' id='line_1_8' title="bbox 156 1310 1836 1378; baseline 0.001 -13"><span class='ocrx_word' id='word_1_53' title='bbox 156 1318 362 1378; x_wconf 80' lang='lat' dir='ltr'>fecerat,</span> <span class='ocrx_word' id='word_1_54' title='bbox 413 1331 524 1364; x_wconf 92' lang='lat' dir='ltr'>cum</span> <span class='ocrx_word' id='word_1_55' title='bbox 561 1316 847 1363; x_wconf 86' lang='lat' dir='ltr'>Berolinum</span> <span class='ocrx_word' id='word_1_56' title='bbox 893 1316 1051 1363; x_wconf 89' lang='lat' dir='ltr'>redire</span> <span class='ocrx_word' id='word_1_57' title='bbox 1091 1318 1287 1364; x_wconf 90' lang='lat' dir='ltr'>coactus</span> <span class='ocrx_word' id='word_1_58' title='bbox 1334 1319 1408 1364; x_wconf 90' lang='lat' dir='ltr'>est</span> <span class='ocrx_word' id='word_1_59' title='bbox 1455 1343 1540 1377; x_wconf 91' lang='lat'>-—-,</span> <span class='ocrx_word' id='word_1_60' title='bbox 1589 1310 1836 1366; x_wconf 78' lang='lat' dir='ltr'>Carolus</span> 
     </span>
     <span class='ocr_line' id='line_1_9' title="bbox 155 1390 1836 1452; baseline -0.001 -14"><span class='ocrx_word' id='word_1_61' title='bbox 155 1390 302 1451; x_wconf 90' lang='lat' dir='ltr'>filius,</span> <span class='ocrx_word' id='word_1_62' title='bbox 334 1390 419 1452; x_wconf 88' lang='lat' dir='ltr'>qui</span> <span class='ocrx_word' id='word_1_63' title='bbox 449 1391 550 1438; x_wconf 90' lang='lat' dir='ltr'>iam</span> <span class='ocrx_word' id='word_1_64' title='bbox 582 1405 623 1437; x_wconf 91' lang='lat' dir='ltr'>a.</span> <span class='ocrx_word' id='word_1_65' title='bbox 653 1390 793 1438; x_wconf 88' lang='lat'>1853</span> <span class='ocrx_word' id='word_1_66' title='bbox 818 1392 1011 1451; x_wconf 89' lang='lat' dir='ltr'>patrem</span> <span class='ocrx_word' id='word_1_67' title='bbox 1044 1391 1380 1452; x_wconf 86' lang='lat' dir='ltr'>comitaverat,</span> <span class='ocrx_word' id='word_1_68' title='bbox 1413 1407 1454 1438; x_wconf 91' lang='lat' dir='ltr'>a.</span> <span class='ocrx_word' id='word_1_69' title='bbox 1484 1391 1622 1438; x_wconf 85' lang='lat'>1856</span> <span class='ocrx_word' id='word_1_70' title='bbox 1657 1391 1836 1438; x_wconf 84' lang='lat' dir='ltr'>iterum</span> 
     </span>
     <span class='ocr_line' id='line_1_10' title="bbox 155 1463 1837 1526; baseline -0.001 -13"><span class='ocrx_word' id='word_1_71' title='bbox 155 1464 435 1513; x_wconf 90' lang='lat' dir='ltr'>Londinum</span> <span class='ocrx_word' id='word_1_72' title='bbox 486 1465 735 1526; x_wconf 80' lang='lat' dir='ltr'>profectus</span> <span class='ocrx_word' id='word_1_73' title='bbox 787 1463 1007 1512; x_wconf 91' lang='lat' dir='ltr'>laborem</span> <span class='ocrx_word' id='word_1_74' title='bbox 1061 1479 1091 1511; x_wconf 88' lang='lat' dir='ltr'>a</span> <span class='ocrx_word' id='word_1_75' title='bbox 1143 1466 1284 1526; x_wconf 91' lang='lat' dir='ltr'>patre</span> <span class='ocrx_word' id='word_1_76' title='bbox 1336 1465 1624 1512; x_wconf 89' lang='lat' dir='ltr'>inchoatum</span> <span class='ocrx_word' id='word_1_77' title='bbox 1679 1480 1837 1525; x_wconf 92' lang='lat' dir='ltr'>neque</span> 
     </span>
     <span class='ocr_line' id='line_1_11' title="bbox 155 1537 1835 1602; baseline -0.001 -16"><span class='ocrx_word' id='word_1_78' title='bbox 155 1539 430 1602; x_wconf 87' lang='lat' dir='ltr'>perfectum</span> <span class='ocrx_word' id='word_1_79' title='bbox 460 1538 741 1601; x_wconf 88' lang='lat' dir='ltr'>reagentiis,</span> <span class='ocrx_word' id='word_1_80' title='bbox 771 1539 828 1585; x_wconf 91' lang='lat' dir='ltr'>ut</span> <span class='ocrx_word' id='word_1_81' title='bbox 859 1537 1043 1598; x_wconf 89' lang='lat' dir='ltr'>dicunt,</span> <span class='ocrx_word' id='word_1_82' title='bbox 1076 1537 1303 1586; x_wconf 87' lang='lat' dir='ltr'>chemicis</span> <span class='ocrx_word' id='word_1_83' title='bbox 1337 1538 1571 1586; x_wconf 88' lang='lat' dir='ltr'>adhibitis</span> <span class='ocrx_word' id='word_1_84' title='bbox 1612 1538 1835 1586; x_wconf 86' lang='lat' dir='ltr'>absolvit.</span> 
     </span>
     <span class='ocr_line' id='line_1_12' title="bbox 155 1604 1836 1675; baseline -0.001 -15"><span class='ocrx_word' id='word_1_85' title='bbox 155 1604 330 1674; x_wconf 87' lang='lat' dir='ltr'>Neque</span> <span class='ocrx_word' id='word_1_86' title='bbox 367 1614 533 1660; x_wconf 89' lang='lat' dir='ltr'>tamen</span> <span class='ocrx_word' id='word_1_87' title='bbox 571 1613 645 1659; x_wconf 89' lang='lat' dir='ltr'>ita</span> <span class='ocrx_word' id='word_1_88' title='bbox 681 1627 862 1675; x_wconf 85' lang='lat' dir='ltr'>magna</span> <span class='ocrx_word' id='word_1_89' title='bbox 902 1612 1027 1659; x_wconf 87' lang='lat' dir='ltr'>caeli</span> <span class='ocrx_word' id='word_1_90' title='bbox 1061 1613 1434 1673; x_wconf 88' lang='lat' dir='ltr'>opportunitate</span> <span class='ocrx_word' id='word_1_91' title='bbox 1473 1627 1591 1660; x_wconf 91' lang='lat' dir='ltr'>usus</span> <span class='ocrx_word' id='word_1_92' title='bbox 1631 1627 1734 1660; x_wconf 92' lang='lat' dir='ltr'>esse</span> <span class='ocrx_word' id='word_1_93' title='bbox 1764 1612 1836 1660; x_wconf 86' lang='lat' dir='ltr'>vi-</span> 
     </span>
     <span class='ocr_line' id='line_1_13' title="bbox 157 1685 1836 1748; baseline -0.001 -14"><span class='ocrx_word' id='word_1_94' title='bbox 157 1687 319 1746; x_wconf 83' lang='lat' dir='ltr'>detur3</span> <span class='ocrx_word' id='word_1_95' title='bbox 366 1702 481 1734; x_wconf 90' lang='lat' dir='ltr'>nam</span> <span class='ocrx_word' id='word_1_96' title='bbox 527 1685 772 1734; x_wconf 89' lang='lat' dir='ltr'>continuis</span> <span class='ocrx_word' id='word_1_97' title='bbox 819 1687 920 1733; x_wconf 85' lang='lat' dir='ltr'>fere</span> <span class='ocrx_word' id='word_1_98' title='bbox 965 1685 1205 1734; x_wconf 88' lang='lat' dir='ltr'>imbribus</span> <span class='ocrx_word' id='word_1_99' title='bbox 1259 1686 1548 1748; x_wconf 88' lang='lat' dir='ltr'>nebulisque</span> <span class='ocrx_word' id='word_1_100' title='bbox 1603 1686 1836 1734; x_wconf 90' lang='lat' dir='ltr'>obrutum</span> 
     </span>
     <span class='ocr_line' id='line_1_14' title="bbox 155 1759 1836 1823; baseline -0.001 -14"><span class='ocrx_word' id='word_1_101' title='bbox 155 1761 237 1809; x_wconf 89' lang='lat' dir='ltr'>vel</span> <span class='ocrx_word' id='word_1_102' title='bbox 280 1759 440 1808; x_wconf 90' lang='lat' dir='ltr'>medio</span> <span class='ocrx_word' id='word_1_103' title='bbox 496 1760 595 1808; x_wconf 91' lang='lat' dir='ltr'>diei</span> <span class='ocrx_word' id='word_1_104' title='bbox 640 1761 860 1822; x_wconf 90' lang='lat' dir='ltr'>tempore</span> <span class='ocrx_word' id='word_1_105' title='bbox 908 1759 971 1806; x_wconf 88' lang='lat' dir='ltr'>ad</span> <span class='ocrx_word' id='word_1_106' title='bbox 1020 1760 1244 1807; x_wconf 90' lang='lat' dir='ltr'>lucernas</span> <span class='ocrx_word' id='word_1_107' title='bbox 1299 1775 1348 1808; x_wconf 89' lang='lat' dir='ltr'>se</span> <span class='ocrx_word' id='word_1_108' title='bbox 1403 1760 1682 1823; x_wconf 87' lang='lat' dir='ltr'>confugisse</span> <span class='ocrx_word' id='word_1_109' title='bbox 1730 1759 1836 1821; x_wconf 92' lang='lat' dir='ltr'>ipse</span> 
     </span>
     <span class='ocr_line' id='line_1_15' title="bbox 155 1833 1832 1895; baseline 0 -14"><span class='ocrx_word' id='word_1_110' title='bbox 155 1836 325 1883; x_wconf 89' lang='lat' dir='ltr'>narrat</span> <span class='ocrx_word' id='word_1_111' title='bbox 362 1836 415 1881; x_wconf 91' lang='lat' dir='ltr'>in</span> <span class='ocrx_word' id='word_1_112' title='bbox 455 1833 684 1881; x_wconf 84' lang='lat' dir='ltr'>editionis</span> <span class='ocrx_word' id='word_1_113' title='bbox 723 1848 838 1881; x_wconf 88' lang='lat' dir='ltr'>suae</span> <span class='ocrx_word' id='word_1_114' title='bbox 869 1834 1192 1894; x_wconf 87' lang='lat' dir='ltr'>praefatione.</span> <span class='ocrx_word' id='word_1_115' title='bbox 1253 1833 1428 1895; x_wconf 82' lang='lat' dir='ltr'>Itaque</span> <span class='ocrx_word' id='word_1_116' title='bbox 1470 1849 1582 1881; x_wconf 92' lang='lat' dir='ltr'>cum</span> <span class='ocrx_word' id='word_1_117' title='bbox 1622 1850 1663 1881; x_wconf 90' lang='lat' dir='ltr'>a.</span> <span class='ocrx_word' id='word_1_118' title='bbox 1693 1834 1832 1882; x_wconf 85' lang='lat'>1857</span> 
     </span>
     <span class='ocr_line' id='line_1_16' title="bbox 156 1907 1837 1969; baseline 0 -14"><span class='ocrx_word' id='word_1_119' title='bbox 156 1910 409 1956; x_wconf 90' lang='lat' dir='ltr'>auctorem</span> <span class='ocrx_word' id='word_1_120' title='bbox 446 1923 604 1969; x_wconf 89' lang='lat' dir='ltr'>nuper</span> <span class='ocrx_word' id='word_1_121' title='bbox 639 1908 898 1955; x_wconf 86' lang='lat' dir='ltr'>inventum</span> <span class='ocrx_word' id='word_1_122' title='bbox 932 1907 1147 1968; x_wconf 90' lang='lat' dir='ltr'>primum</span> <span class='ocrx_word' id='word_1_123' title='bbox 1177 1909 1311 1969; x_wconf 84' lang='lat' dir='ltr'>typis</span> <span class='ocrx_word' id='word_1_124' title='bbox 1343 1907 1638 1967; x_wconf 88' lang='lat' dir='ltr'>mandasset,</span> <span class='ocrx_word' id='word_1_125' title='bbox 1677 1908 1837 1955; x_wconf 91' lang='lat' dir='ltr'>multa</span> 
     </span>
     <span class='ocr_line' id='line_1_17' title="bbox 155 1978 1834 2044; baseline -0.001 -14"><span class='ocrx_word' id='word_1_126' title='bbox 155 1981 495 2030; x_wconf 85' lang='lat' dir='ltr'>emendatione</span> <span class='ocrx_word' id='word_1_127' title='bbox 533 1978 808 2044; x_wconf 84' lang='lat' dir='ltr'>indigentia</span> <span class='ocrx_word' id='word_1_128' title='bbox 845 1981 1122 2043; x_wconf 84' lang='lat' dir='ltr'>restabant,</span> <span class='ocrx_word' id='word_1_129' title='bbox 1166 1981 1353 2029; x_wconf 83' lang='lat' dir='ltr'>multae</span> <span class='ocrx_word' id='word_1_130' title='bbox 1392 1983 1597 2030; x_wconf 89' lang='lat' dir='ltr'>lacunae</span> <span class='ocrx_word' id='word_1_131' title='bbox 1634 1983 1687 2028; x_wconf 88' lang='lat' dir='ltr'>in</span> <span class='ocrx_word' id='word_1_132' title='bbox 1726 1997 1834 2029; x_wconf 91' lang='lat' dir='ltr'>ora-</span> 
     </span>
     <span class='ocr_line' id='line_1_18' title="bbox 154 2054 1835 2104; baseline -0.001 0"><span class='ocrx_word' id='word_1_133' title='bbox 154 2057 288 2104; x_wconf 90' lang='lat' dir='ltr'>tione</span> <span class='ocrx_word' id='word_1_134' title='bbox 327 2056 556 2103; x_wconf 85' lang='lat' dir='ltr'>contexta</span> <span class='ocrx_word' id='word_1_135' title='bbox 594 2054 933 2103; x_wconf 90' lang='lat' dir='ltr'>deshiscebant</span> <span class='ocrx_word' id='word_1_136' title='bbox 972 2055 1108 2103; x_wconf 84' lang='lat' dir='ltr'>salvo</span> <span class='ocrx_word' id='word_1_137' title='bbox 1144 2055 1345 2103; x_wconf 89' lang='lat' dir='ltr'>editoris</span> <span class='ocrx_word' id='word_1_138' title='bbox 1385 2055 1545 2104; x_wconf 88' lang='lat' dir='ltr'>officio</span> <span class='ocrx_word' id='word_1_139' title='bbox 1584 2057 1835 2104; x_wconf 89' lang='lat' dir='ltr'>manente·</span> 
     </span>
     <span class='ocr_line' id='line_1_19' title="bbox 156 2122 1834 2193; baseline 0 -17"><span class='ocrx_word' id='word_1_140' title='bbox 156 2145 251 2191; x_wconf 89' lang='lat' dir='ltr'>que</span> <span class='ocrx_word' id='word_1_141' title='bbox 289 2129 457 2177; x_wconf 91' lang='lat' dir='ltr'>labore</span> <span class='ocrx_word' id='word_1_142' title='bbox 496 2123 840 2178; x_wconf 78' lang='lat' dir='ltr'>Mommseni</span> <span class='ocrx_word' id='word_1_143' title='bbox 881 2131 930 2176; x_wconf 91' lang='lat' dir='ltr'>et</span> <span class='ocrx_word' id='word_1_144' title='bbox 967 2122 1285 2193; x_wconf 77' lang='lat' dir='ltr'>Bernaysi,</span> <span class='ocrx_word' id='word_1_145' title='bbox 1326 2131 1412 2191; x_wconf 88' lang='lat' dir='ltr'>qui</span> <span class='ocrx_word' id='word_1_146' title='bbox 1450 2130 1633 2178; x_wconf 90' lang='lat' dir='ltr'>multas</span> <span class='ocrx_word' id='word_1_147' title='bbox 1673 2145 1834 2177; x_wconf 89' lang='lat' dir='ltr'>emen-</span> 
     </span>
     <span class='ocr_line' id='line_1_20' title="bbox 154 2197 1832 2265; baseline -0.001 -14"><span class='ocrx_word' id='word_1_148' title='bbox 154 2203 378 2251; x_wconf 88' lang='lat' dir='ltr'>dationes</span> <span class='ocrx_word' id='word_1_149' title='bbox 429 2203 713 2251; x_wconf 88' lang='lat' dir='ltr'>attulerant.</span> <span class='ocrx_word' id='word_1_150' title='bbox 791 2201 924 2258; x_wconf 86' lang='lat' dir='ltr'>Quae</span> <span class='ocrx_word' id='word_1_151' title='bbox 977 2218 1054 2251; x_wconf 89' lang='lat' dir='ltr'>res</span> <span class='ocrx_word' id='word_1_152' title='bbox 1111 2203 1298 2251; x_wconf 92' lang='lat' dir='ltr'>animos</span> <span class='ocrx_word' id='word_1_153' title='bbox 1353 2198 1579 2265; x_wconf 74' lang='lat' dir='ltr'>Septem</span> <span class='ocrx_word' id='word_1_154' title='bbox 1634 2197 1832 2251; x_wconf 79' lang='lat' dir='ltr'>adule-</span> 
     </span>
     <span class='ocr_line' id='line_1_21' title="bbox 155 2270 1831 2339; baseline -0.001 -13"><span class='ocrx_word' id='word_1_155' title='bbox 155 2271 447 2326; x_wconf 86' lang='lat' dir='ltr'>scentium</span> <span class='ocrx_word' id='word_1_156' title='bbox 485 2270 900 2326; x_wconf 83' lang='lat' dir='ltr'>universitatis</span> <span class='ocrx_word' id='word_1_157' title='bbox 938 2270 1269 2327; x_wconf 87' lang='lat' dir='ltr'>Bonnensis</span> <span class='ocrx_word' id='word_1_158' title='bbox 1307 2271 1672 2339; x_wconf 84' lang='lat' dir='ltr'>philologiae</span> <span class='ocrx_word' id='word_1_159' title='bbox 1711 2271 1831 2325; x_wconf 88' lang='lat' dir='ltr'>stu-</span> 
     </span>
     <span class='ocr_line' id='line_1_22' title="bbox 156 2344 1832 2413; baseline 0.001 -15"><span class='ocrx_word' id='word_1_160' title='bbox 156 2344 481 2399; x_wconf 79' lang='lat' dir='ltr'>diosiorum</span> <span class='ocrx_word' id='word_1_161' title='bbox 529 2366 747 2398; x_wconf 81' lang='lat' dir='ltr'>exercere</span> <span class='ocrx_word' id='word_1_162' title='bbox 793 2352 868 2398; x_wconf 90' lang='lat' dir='ltr'>ita</span> <span class='ocrx_word' id='word_1_163' title='bbox 911 2366 1010 2398; x_wconf 92' lang='lat' dir='ltr'>non</span> <span class='ocrx_word' id='word_1_164' title='bbox 1056 2351 1330 2412; x_wconf 88' lang='lat' dir='ltr'>desinebat,</span> <span class='ocrx_word' id='word_1_165' title='bbox 1375 2355 1433 2399; x_wconf 92' lang='lat' dir='ltr'>ut</span> <span class='ocrx_word' id='word_1_166' title='bbox 1469 2353 1571 2399; x_wconf 89' lang='lat' dir='ltr'>iam</span> <span class='ocrx_word' id='word_1_167' title='bbox 1609 2351 1832 2413; x_wconf 90' lang='lat' dir='ltr'>proximo</span> 
     </span>
     <span class='ocr_line' id='line_1_23' title="bbox 155 2421 1832 2487; baseline 0.001 -16"><span class='ocrx_word' id='word_1_168' title='bbox 155 2439 284 2472; x_wconf 90' lang='lat' dir='ltr'>anno</span> <span class='ocrx_word' id='word_1_169' title='bbox 324 2422 476 2471; x_wconf 83' lang='lat' dir='ltr'>Grani</span> <span class='ocrx_word' id='word_1_170' title='bbox 517 2423 763 2472; x_wconf 89' lang='lat' dir='ltr'>Liciniani</span> <span class='ocrx_word' id='word_1_171' title='bbox 813 2440 940 2486; x_wconf 89' lang='lat' dir='ltr'>quae</span> <span class='ocrx_word' id='word_1_172' title='bbox 986 2427 1251 2487; x_wconf 90' lang='lat' dir='ltr'>supersunt</span> <span class='ocrx_word' id='word_1_173' title='bbox 1299 2421 1672 2473; x_wconf 85' lang='lat' dir='ltr'>‘emendatiora&#39;</span> <span class='ocrx_word' id='word_1_174' title='bbox 1714 2426 1832 2472; x_wconf 88' lang='lat' dir='ltr'>emi-</span> 
     </span>
     <span class='ocr_line' id='line_1_24' title="bbox 154 2491 1832 2560; baseline 0.001 -14"><span class='ocrx_word' id='word_1_175' title='bbox 154 2499 319 2546; x_wconf 84' lang='lat' dir='ltr'>serint.</span> <span class='ocrx_word' id='word_1_176' title='bbox 389 2497 497 2546; x_wconf 90' lang='lat' dir='ltr'>Hac</span> <span class='ocrx_word' id='word_1_177' title='bbox 534 2499 587 2545; x_wconf 89' lang='lat' dir='ltr'>in</span> <span class='ocrx_word' id='word_1_178' title='bbox 626 2498 842 2546; x_wconf 88' lang='lat' dir='ltr'>editione</span> <span class='ocrx_word' id='word_1_179' title='bbox 874 2499 966 2546; x_wconf 91' lang='lat' dir='ltr'>etsi</span> <span class='ocrx_word' id='word_1_180' title='bbox 999 2491 1261 2547; x_wconf 73' lang='lat' dir='ltr'>Roberto</span> <span class='ocrx_word' id='word_1_181' title='bbox 1292 2493 1528 2560; x_wconf 78' lang='lat' dir='ltr'>Ungero</span> <span class='ocrx_word' id='word_1_182' title='bbox 1565 2500 1832 2547; x_wconf 86' lang='lat' dir='ltr'>adiuvante</span> 
     </span>
     <span class='ocr_line' id='line_1_25' title="bbox 152 2571 1832 2636; baseline 0.001 -17"><span class='ocrx_word' id='word_1_183' title='bbox 152 2572 311 2619; x_wconf 90' lang='lat' dir='ltr'>multa</span> <span class='ocrx_word' id='word_1_184' title='bbox 355 2571 609 2634; x_wconf 87' lang='lat' dir='ltr'>probanda</span> <span class='ocrx_word' id='word_1_185' title='bbox 653 2587 933 2635; x_wconf 85' lang='lat' dir='ltr'>magnaque</span> <span class='ocrx_word' id='word_1_186' title='bbox 977 2572 1121 2620; x_wconf 87' lang='lat' dir='ltr'>laude</span> <span class='ocrx_word' id='word_1_187' title='bbox 1161 2572 1310 2636; x_wconf 88' lang='lat' dir='ltr'>digna</span> <span class='ocrx_word' id='word_1_188' title='bbox 1349 2573 1678 2622; x_wconf 86' lang='lat' dir='ltr'>coniectantes</span> <span class='ocrx_word' id='word_1_189' title='bbox 1720 2588 1832 2620; x_wconf 90' lang='lat' dir='ltr'>con-</span> 
     </span>
     <span class='ocr_line' id='line_1_26' title="bbox 153 2646 1832 2709; baseline 0 -15"><span class='ocrx_word' id='word_1_190' title='bbox 153 2646 342 2694; x_wconf 86' lang='lat' dir='ltr'>textum</span> <span class='ocrx_word' id='word_1_191' title='bbox 372 2646 506 2694; x_wconf 90' lang='lat' dir='ltr'>haud</span> <span class='ocrx_word' id='word_1_192' title='bbox 535 2646 847 2695; x_wconf 85' lang='lat' dir='ltr'>mediocriter</span> <span class='ocrx_word' id='word_1_193' title='bbox 870 2647 1190 2707; x_wconf 91' lang='lat' dir='ltr'>emendarint,</span> <span class='ocrx_word' id='word_1_194' title='bbox 1221 2649 1386 2694; x_wconf 90' lang='lat' dir='ltr'>tamen</span> <span class='ocrx_word' id='word_1_195' title='bbox 1417 2648 1564 2709; x_wconf 91' lang='lat' dir='ltr'>plura</span> <span class='ocrx_word' id='word_1_196' title='bbox 1593 2646 1832 2707; x_wconf 87' lang='lat' dir='ltr'>invenias,</span> 
     </span>
     <span class='ocr_line' id='line_1_27' title="bbox 153 2716 1885 2783; baseline 0.001 -17"><span class='ocrx_word' id='word_1_197' title='bbox 153 2719 281 2767; x_wconf 91' lang='lat' dir='ltr'>unde</span> <span class='ocrx_word' id='word_1_198' title='bbox 341 2719 705 2783; x_wconf 90' lang='lat' dir='ltr'>philologorum</span> <span class='ocrx_word' id='word_1_199' title='bbox 756 2719 1095 2767; x_wconf 89' lang='lat' dir='ltr'>Bonnensium</span> <span class='ocrx_word' id='word_1_200' title='bbox 1146 2719 1336 2782; x_wconf 90' lang='lat' dir='ltr'>Heptas</span> <span class='ocrx_word' id='word_1_201' title='bbox 1397 2736 1598 2782; x_wconf 89' lang='lat' dir='ltr'>prorsus</span> <span class='ocrx_word' id='word_1_202' title='bbox 1658 2720 1829 2768; x_wconf 90' lang='lat' dir='ltr'>abhor·</span> <span class='ocrx_word' id='word_1_203' title='bbox 1880 2716 1885 2719; x_wconf 9' lang='grc' dir='ltr'>χ</span> 
     </span>
     <span class='ocr_line' id='line_1_28' title="bbox 153 2793 1832 2856; baseline 0.001 -16"><span class='ocrx_word' id='word_1_204' title='bbox 153 2793 308 2841; x_wconf 89' lang='lat' dir='ltr'>ruisse</span> <span class='ocrx_word' id='word_1_205' title='bbox 345 2793 556 2842; x_wconf 86' lang='lat' dir='ltr'>videtur.</span> <span class='ocrx_word' id='word_1_206' title='bbox 632 2793 752 2841; x_wconf 88' lang='lat' dir='ltr'>Inde</span> <span class='ocrx_word' id='word_1_207' title='bbox 789 2794 995 2855; x_wconf 88' lang='lat' dir='ltr'>plurimi</span> <span class='ocrx_word' id='word_1_208' title='bbox 1029 2793 1255 2856; x_wconf 90' lang='lat' dir='ltr'>deinceps</span> <span class='ocrx_word' id='word_1_209' title='bbox 1294 2795 1390 2843; x_wconf 83' lang='lat' dir='ltr'>viri</span> <span class='ocrx_word' id='word_1_210' title='bbox 1429 2797 1479 2843; x_wconf 91' lang='lat' dir='ltr'>et</span> <span class='ocrx_word' id='word_1_211' title='bbox 1517 2795 1740 2842; x_wconf 87' lang='lat' dir='ltr'>doctrina</span> <span class='ocrx_word' id='word_1_212' title='bbox 1780 2797 1832 2842; x_wconf 92' lang='lat' dir='ltr'>et</span> 
     </span>
     <span class='ocr_line' id='line_1_29' title="bbox 152 2866 1830 2930; baseline 0.002 -18"><span class='ocrx_word' id='word_1_213' title='bbox 152 2866 351 2929; x_wconf 87' lang='lat' dir='ltr'>ingenio</span> <span class='ocrx_word' id='word_1_214' title='bbox 389 2867 678 2916; x_wconf 87' lang='lat' dir='ltr'>excellentes</span> <span class='ocrx_word' id='word_1_215' title='bbox 715 2870 908 2929; x_wconf 90' lang='lat' dir='ltr'>tempus</span> <span class='ocrx_word' id='word_1_216' title='bbox 954 2868 1324 2929; x_wconf 87' lang='lat' dir='ltr'>consumebant,</span> <span class='ocrx_word' id='word_1_217' title='bbox 1370 2884 1525 2930; x_wconf 91' lang='lat' dir='ltr'>paene</span> <span class='ocrx_word' id='word_1_218' title='bbox 1565 2868 1667 2916; x_wconf 84' lang='lat' dir='ltr'>dixi</span> <span class='ocrx_word' id='word_1_219' title='bbox 1704 2870 1830 2916; x_wconf 91' lang='lat' dir='ltr'>tere-</span> 
     </span>
     <span class='ocr_line' id='line_1_30' title="bbox 152 2938 1830 3001; baseline 0.001 -15"><span class='ocrx_word' id='word_1_220' title='bbox 152 2938 287 3001; x_wconf 84' lang='lat' dir='ltr'>bant,</span> <span class='ocrx_word' id='word_1_221' title='bbox 326 2941 379 2987; x_wconf 92' lang='lat' dir='ltr'>in</span> <span class='ocrx_word' id='word_1_222' title='bbox 415 2941 676 2990; x_wconf 89' lang='lat' dir='ltr'>tractando</span> <span class='ocrx_word' id='word_1_223' title='bbox 708 2943 758 2989; x_wconf 89' lang='lat' dir='ltr'>et</span> <span class='ocrx_word' id='word_1_224' title='bbox 789 2941 1090 2989; x_wconf 90' lang='lat' dir='ltr'>emendando</span> <span class='ocrx_word' id='word_1_225' title='bbox 1125 2944 1323 2990; x_wconf 91' lang='lat' dir='ltr'>auctore</span> <span class='ocrx_word' id='word_1_226' title='bbox 1363 2942 1642 2990; x_wconf 87' lang='lat' dir='ltr'>foedissime</span> <span class='ocrx_word' id='word_1_227' title='bbox 1680 2941 1830 2989; x_wconf 90' lang='lat' dir='ltr'>muti-</span> 
     </span>
    </p>

    <p class='ocr_par' dir='ltr' id='par_1_3' title="bbox 1503 3023 1567 3066">
     <span class='ocr_line' id='line_1_31' title="bbox 1503 3023 1567 3066; baseline 0 -15"><span class='ocrx_word' id='word_1_228' title='bbox 1503 3023 1567 3066; x_wconf 67' lang='lat' dir='ltr'>a*</span> 
     </span>
    </p>
   </div>
  </div>
 </body>
</html>
