2094 3140
314 130 464 174 XVIII
974 128 1326 174 PRAEFATIO.

314 271 514 330 nesciat,
547 271 654 317 tum
684 269 1025 317 benevolentia
1048 270 1197 330 atque
1230 269 1521 318 affabilitate
1553 271 1776 319 omnibus
1809 248 1988 332 quibus

314 343 612 406 contigerat,
658 344 714 389 ut
753 358 864 390 cum
903 357 958 390 eo
998 345 1179 403 essent,
1225 344 1346 390 satis
1394 345 1512 391 nota
1554 346 1746 408 egregie
1786 361 1861 394 me
1902 345 1986 393 ad·

312 418 463 476 iuvit,
509 418 726 477 itemque
764 409 1022 479 floraco,
1063 415 1344 464 doctissimo
1382 416 1511 477 viro,
1559 419 1643 479 qui
1680 418 1859 466 litteris
1899 434 1987 480 per

314 490 760 538 E.W001ff1in1um
797 489 921 536 mihi
959 490 1087 537 datis
1126 490 1319 551 aliquot
1359 488 1512 538 Grani
1546 490 1793 540 Liciniani
1824 507 1985 540 emcn-

313 564 536 612 dationes
575 579 766 610 mecum
804 565 1201 624 communicavit,
1241 564 1427 627 gratias
1468 580 1613 627 agam
1649 566 1900 626 plurimas.

423 681 607 743 Scripsi
645 680 894 729 Monachii
931 697 1095 730 mense
1135 680 1403 729 Februario
1443 697 1484 729 a,
1521 683 1675 730 1903.

1449 793 1522 848 Μ.
1555 793 1872 851 Flemisch.

724 1560 1028 1628 INDEX
1066 1560 1138 1627 N
1142 1559 1560 1629 OTARUM.

429 1705 475 1749 P
503 1727 558 1741 =
591 1703 781 1748 Carolus
813 1704 959 1748 Pertz.

429 1765 488 1808 H
513 1786 567 1801 =
599 1762 950 1819 Philologomm
979 1762 1293 1806 Bonnensium
1322 1763 1512 1820 Heptas.

431 1825 493 1867 M
520 1845 575 1860 =
607 1822 876 1866 Theodorus
908 1822 1178 1866 Mommsen.

427 1881 632 1925 Nomina
662 1882 932 1937 ceterorum,
965 1879 1046 1937 qui
1075 1880 1422 1926 emendationes
1455 1880 1598 1924 Grani
1630 1880 1880 1925 emiserunt
1909 1881 1983 1925 vel

310 1954 395 1998 per
409 1940 591 1984 litteras
608 1954 790 1984 mecum
806 1938 1275 1994 communicaverunt,
1294 1953 1378 1997 per
1393 1940 1667 1996 compendia
1683 1954 1775 1984 non
1799 1939 1982 1998 scripsi3

311 2013 389 2044 eas
429 1999 740 2056 coniecturas,
779 1998 948 2055 quibus
987 2012 1154 2043 nomen
1194 1998 1394 2043 auctoris
1427 1998 1639 2043 additum
1669 2013 1760 2043 non
1793 2002 1883 2054 est,
1923 1999 1984 2043 ad

309 2072 386 2104 me
414 2058 570 2115 ipsum
599 2057 761 2102 referri
790 2057 944 2102 velim.

433 2119 439 2177 Ι
477 2139 531 2154 =
561 2117 666 2161 finis
697 2131 870 2161 versus.

428 2177 433 2233 Ι
476 2199 530 2214 =
561 2175 666 2220 finis
698 2176 952 2220 columnae.

426 2235 439 2295 Ι
482 2258 537 2274 =
570 2234 672 2278 finis
703 2235 918 2293 paginae.

431 2294 463 2353 <
498 2294 528 2353 >
559 2317 614 2332 =
648 2294 875 2351 supplevi.

431 2354 450 2410 [
480 2354 499 2411 ]
532 2375 586 2390 =
620 2353 807 2398 exclusi.
