2094 3140
287 135 357 186 52
589 134 779 177 INDEX
809 134 1282 179 MEMORABILIUM
1311 135 1659 181 VERBORUM.

283 281 386 309 cum
411 267 470 309 ad
486 266 738 312 *habenda
756 266 945 310 comitia
969 281 1075 310 con-

341 326 553 369 tenderet
582 341 626 381 p.
654 330 694 381 9,
722 331 745 367 2

284 383 501 427 deformis
533 384 714 428 habitu
744 400 788 440 p.
817 388 885 438 17,
913 388 935 427 1

281 443 515 486 heredem
568 443 837 486 instituerat
881 458 924 498 p.
953 447 999 497 7,
1025 449 1072 498 53

339 502 484 545 frater
529 502 698 546 *heres
749 504 956 545 mortuus
1003 504 1075 545 est

284 619 556 662 Sallustium
586 621 640 662 ut
673 619 975 665 historicum
1006 619 1073 663 le-

340 678 543 734 gendum
573 693 616 734 p.
644 683 714 732 33,
743 683 795 722 10

278 743 611 799 nequissimum
624 745 896 789 *hominem
908 760 953 801 p.
965 749 1035 800 23,
1047 750 1072 787 3

278 905 389 948 rogo
429 906 568 946 quom
607 891 741 946 ignis
773 893 895 935 esset
925 891 1072 936 inlato

277 965 520 1064 igiiobil'is
553 1009 745 1064 quidam
775 1025 819 1066 p.
847 1015 917 1065 20,
942 1015 970 1054 4

277 1083 371 1112 non
409 1068 653 1112 mediocris
693 1069 856 1114 imber
896 1071 966 1113 est
1000 1068 1071 1112 in-

338 1129 522 1171 secutus
553 1143 597 1184 p.
624 1132 694 1183 33,
722 1132 746 1170 7

276 1186 556 1242 imperator
585 1202 629 1242 p.
659 1192 698 1242 1,
725 1191 749 1230 5

279 1245 416 1289 aedes
434 1245 515 1288 diu
538 1245 840 1303 imperfecta
858 1259 1071 1303 perman-

337 1307 461 1348 serat
491 1320 534 1360 p.
563 1310 602 1357 6,
629 1310 653 1348 9

277 1363 554 1420 impetrare
578 1379 671 1408 non
686 1364 843 1421 potuit
865 1379 909 1420 p.
927 1369 995 1419 12,
1017 1368 1070 1407 10

276 1429 492 1486 *impetu
548 1430 781 1487 suppressi
834 1446 877 1487 p.
911 1436 989 1486 25,
1021 1436 1070 1486 4;

335 1488 553 1545 impetus
585 1489 736 1532 factus
768 1505 812 1546 p.
841 1494 911 1545 25,
937 1493 962 1532 5

276 1547 498 1591 feminam
521 1562 634 1605 rogo
651 1548 941 1604 impositam
963 1563 1007 1604 p.
1030 1553 1069 1603 7,

336 1611 384 1661 33
451 1607 740 1651 conditiones
803 1607 1070 1664 impositae

334 1681 378 1722 p.
406 1671 474 1721 26,
502 1671 526 1709 6

275 1726 328 1768 ut
359 1724 574 1768 Crassum
604 1727 843 1769 revocaret
866 1725 1072 1781 impulit

334 1799 378 1840 p.
408 1789 476 1839 19,
502 1788 527 1828 8

275 1842 472 1886 abstulit
516 1843 594 1887 *in
645 1843 800 1887 dotem
846 1858 890 1899 p.
933 1848 980 1899 5,
1022 1847 1068 1898 63

334 1902 520 1959 signum
550 1902 604 1946 in
633 1904 775 1958 caput
799 1902 1070 1946 devolutum

333 1976 377 2017 p.
397 1966 464 2014 13,
481 1967 528 2015 23
547 1975 731 2005 carmen
748 1961 803 2005 in
821 1962 930 2005 deos
948 1975 1070 2005 com-

333 2019 537 2076 positum
560 2036 603 2077 p.
625 2025 693 2075 13,
713 2025 787 2074 10;
820 2020 875 2064 in
901 2034 1070 2065 navem

335 2079 626 2136 (reciperent)
658 2095 702 2136 p.
731 2085 798 2135 14,
825 2084 850 2122 6

276 2137 500 2195 oppidum
531 2138 868 2184 incenderunt
897 2154 941 2195 p.
958 2143 1027 2194 20,
1042 2142 1067 2181 9

274 2203 501 2249 incertae
532 2207 729 2249 naturae
760 2221 803 2262 p.
829 2211 878 2260 4,
904 2211 952 2259 43
992 2205 1066 2249 in-

336 2264 529 2308 certum
561 2278 621 2307 an
643 2278 821 2308 veneno
852 2279 897 2320 p.
924 2269 994 2320 29,
1020 2270 1067 2320 93

335 2322 532 2367 ineerta
562 2336 678 2380 pace
708 2339 752 2380 p.
780 2328 849 2379 35,
877 2328 900 2366 7

275 2387 473 2432 formam
503 2403 718 2445 agrorum
748 2389 798 2432 in
831 2404 907 2434 aes
942 2389 1068 2434 inci-

336 2459 442 2492 sam
471 2463 514 2503 p.
545 2453 611 2503 10,
638 2453 662 2491 3

278 2506 338 2549 ad
369 2506 543 2549 bellum
574 2510 734 2550 contra
771 2507 964 2551 fratrem
994 2507 1069 2551 in-

337 2564 573 2611 citavisse
603 2581 647 2622 p.
675 2571 751 2622 30,
777 2571 804 2609 4

277 2626 331 2667 ut
363 2624 568 2668 exercitu
599 2625 768 2669 amisso
800 2625 1069 2670 incolumis

337 2684 460 2726 esset
490 2698 532 2739 p.
563 2687 630 2739 11,
658 2689 681 2727 7

276 2741 430 2785 locum
460 2741 711 2787 indicasse
738 2758 781 2799 p.
803 2747 842 2798 7,
860 2747 907 2798 83
941 2742 1069 2786 indi-

337 2801 460 2845 cabo
492 2816 535 2857 p.
563 2806 632 2856 26,
658 2805 684 2844 8

276 2859 453 2903 bellum
483 2859 730 2904 *indicere
769 2875 813 2916 p.
840 2865 888 2914 4,
914 2864 960 2914 23
994 2860 1069 2903 in-

337 2918 472 2964 dicto
505 2918 690 2976 (pretio)
723 2934 766 2975 p.
796 2923 863 2973 10,
891 2923 913 2961 1

1164 267 1283 310 nihil
1318 267 1579 323 indignum
1618 269 1715 314 viro
1748 270 1956 314 Romano

1165 385 1417 428 exercitum
1447 385 1495 428 in
1519 386 1779 431 Maedicam
1810 387 1956 432 indu-

1223 445 1372 488 xerat
1402 460 1446 501 p.
1474 449 1544 499 27,
1573 451 1624 489 13

1164 502 1445 548 infeliciter
1477 503 1686 547 devictus
1717 521 1760 561 p.
1789 511 1857 561 24,
1887 510 1910 549 1

1163 576 1303 617 quom
1326 562 1682 616 ingrederetur
1700 564 1957 620 pomerium

1221 636 1266 676 p.
1294 625 1340 676 9,
1366 627 1413 676 4;
1455 635 1558 664 cum
1598 622 1758 666 urbem
1788 623 1956 678 ingre-

1224 679 1433 724 deretur
1462 695 1506 736 p.
1534 684 1604 734 31,
1630 684 1655 723 5

1165 737 1439 783 *inhibitus
1470 754 1513 795 p.
1540 744 1582 794 4,
1609 744 1633 782 3

1163 797 1297 852 quasi
1337 811 1608 854 oppressum
1645 799 1703 841 ab
1736 798 1957 845 inimicis

1221 871 1265 912 p.
1309 861 1384 907 17,
1425 862 1472 911 33
1534 857 1707 900 milites
1762 857 1958 904 inimici

1163 931 1836 1091 gsisjaffssesszsffgsf·

1161 1092 1366 1135 hostium
1407 1092 1758 1136 multitudinem
1810 1093 1956 1138 innu-

1220 1151 1515 1196 merabilem
1530 1151 1781 1195 concidunt
1791 1168 1835 1209 p.
1848 1157 1918 1208 26,
1933 1157 1956 1196 1

1162 1210 1336 1266 oppida
1367 1210 1602 1266 inpacata
1633 1226 1676 1267 p.
1704 1215 1772 1266 28,
1800 1216 1825 1254 5

1160 1268 1310 1312 multa
1341 1269 1634 1325 inprecatus
1665 1285 1710 1326 p.
1738 1274 1807 1324 20,
1834 1274 1859 1313 5

1162 1327 1421 1382 inquietus
1451 1343 1495 1384 p.
1523 1333 1592 1383 35,
1621 1332 1674 1371 10

1161 1386 1547 1442 insequentibus
1573 1386 1808 1442 Cyzicenis
1824 1403 1868 1443 p.
1884 1392 1954 1442 30,

1222 1450 1246 1489 9
1258 1466 1268 1501 ;
1279 1445 1428 1489 imber
1436 1446 1514 1490 est
1522 1445 1781 1490 insecutus
1791 1461 1834 1502 p.
1847 1450 1917 1502 33,
1930 1451 1954 1489 7

1162 1504 1400 1548 contiones
1433 1504 1618 1549 inserit
1649 1519 1693 1561 p.
1720 1509 1790 1560 33,
1818 1509 1871 1547 12

1160 1563 1273 1607 fides
1306 1563 1523 1617 insignis
1555 1563 1710 1607 fuerat
1739 1579 1784 1620 p.
1811 1568 1881 1620 27,
1909 1569 1934 1607 5

1161 1636 1275 1677 quos
1299 1621 1579 1677 Tarquinius
1603 1621 1673 1666 ita
1703 1622 1958 1668 *instituit

1175 1727 1185 1731 ,Α
1218 1697 1263 1737 p.
1291 1686 1330 1736 2,
1356 1687 1404 1735 43
1445 1680 1693 1737 Olympion
1725 1684 1956 1725 exstruere

1219 1740 1540 1785 *instituerat
1555 1755 1598 1796 p.
1615 1745 1655 1794 6,
1673 1744 1719 1795 7;
1736 1741 1956 1785 heredem

1219 1799 1542 1843 *instituerat
1571 1815 1614 1855 p.
1644 1804 1682 1853 7,
1711 1803 1757 1854 5;
1797 1802 1851 1843 ut
1881 1800 1955 1844 in·

1220 1858 1481 1903 stituimus
1511 1873 1556 1914 p.
1585 1863 1653 1913 33,
1680 1862 1705 1901 8

1161 1916 1326 1961 ceteris
1367 1917 1527 1973 epulas
1560 1917 1956 1963 *instruentibus

1218 1992 1266 2079 p,b
1296 1981 1343 2029 5,
1362 1982 1424 2079 134;
1479 1989 1620 2078 nages
1642 1978 1826 2078 6tectae
1879 1977 1955 2020 in-

1220 2048 1242 2080 s
1267 2048 1360 2079 ruc
1387 2047 1444 2079 ae
1475 2051 1518 2092 p.
1606 2070 1616 2090 ,

1158 2093 1379 2139 *interea
1408 2110 1453 2151 p.
1481 2098 1550 2148 25,
1576 2098 1600 2137 2

1159 2152 1464 2198 interfectus
1496 2153 1574 2197 est
1603 2168 1646 2209 p.
1676 2157 1744 2208 11,
1770 2158 1797 2196 4

1157 2226 1288 2256 mora
1319 2212 1614 2256 *interiecta
1638 2212 1716 2256 est
1738 2227 1782 2268 p.
1811 2216 1878 2266 18,
1904 2217 1953 2267 23

1217 2271 1348 2314 nulla
1436 2285 1568 2314 mora
1650 2271 1952 2316 *interiecta

1217 2346 1261 2386 p.
1296 2335 1365 2384 23,
1401 2334 1454 2373 13

1159 2389 1391 2433 ¹*interim
1421 2404 1465 2445 p.
1493 2393 1562 2443 21,
1590 2393 1614 2431 5

1163 2447 1311 2504 epulis
1343 2447 1678 2492 *intervenire
1709 2462 1753 2503 p.
1779 2451 1820 2502 4,
1846 2450 1870 2489 5

1159 2506 1389 2550 morsibus
1402 2507 1573 2550 multos
1583 2506 1819 2551 invadere
1827 2520 1871 2561 p.
1886 2509 1953 2560 13,

1222 2570 1269 2621 63
1302 2567 1354 2608 ut
1385 2565 1714 2622 magistratum
1746 2563 1846 2620 ipse
1877 2564 1952 2607 in-

1219 2625 1427 2669 vaderet
1456 2640 1500 2680 p.
1529 2628 1596 2677 19,
1622 2628 1646 2666 9

1160 2683 1398 2728 ¹‘invicem
1429 2698 1473 2739 p.
1501 2687 1570 2736 33,
1598 2686 1651 2724 12

1161 2742 1409 2786 invidiose
1441 2756 1485 2797 p.
1511 2745 1580 2795 29,
1609 2745 1631 2782 1

1160 2800 1257 2846 ivit
1302 2801 1351 2843 in
1386 2800 1579 2843 Hiberes
1625 2814 1669 2855 p.
1697 2804 1736 2852 8,
1763 2804 1809 2853 6;
1856 2812 1953 2842 rem

1220 2858 1455 2915 publicam
1472 2857 1684 2901 adiutum
1708 2857 1851 2902 vellet
1873 2858 1953 2903 ire
