2094 3140
845 112 1199 157 PRAEFATIO.
1797 114 1858 157 XI

174 262 293 302 non
331 260 458 302 esse
494 261 603 314 pro
644 246 807 301 certo
844 246 1083 301 habeaS.
1154 253 1353 300 Exclusi
1392 255 1544 300 enim:
1585 271 1630 315 p.
1669 254 1750 313 13,
1787 257 1849 301 11

178 322 301 377 ‘Gn.
333 320 572 376 Mallius
618 322 692 375 ob
739 320 984 374 eandem
1031 335 1268 374 causam
1314 334 1490 386 quam
1537 322 1597 374 et
1642 320 1854 389 Caepio

175 395 240 450 L.
275 393 587 450 Saturnini
634 395 944 461 rogatione
984 408 1016 448 e
1057 394 1299 448 civitate
1345 394 1660 462 plebiscito
1709 396 1852 450 eiec-

173 469 313 537 tuS’‚
355 474 486 536 quod
526 475 837 522 enuntiatum
876 490 906 521 a
940 473 1148 533 Pertzio,
1187 474 1558 535 Dieckmannio,
1601 473 1853 522 Camozzio

171 550 419 608 servatur,
459 564 489 595 a
528 549 893 611 philologorum
932 547 1268 596 Bonnensium
1305 548 1532 610 Heptade
1572 548 1767 596 eiicitur
1805 551 1855 596 et

171 624 302 670 recte
345 622 541 683 quidem
573 615 655 688 (cf.
690 621 801 670 diss.
834 637 996 670 meam
1025 639 1072 684 p.
1099 615 1206 687 24).
1270 621 1459 670 Deinde
1491 640 1537 684 p.
1567 624 1648 681 14,
1678 625 1703 668 1
1741 638 1852 684 app.

171 697 280 744 crit.
302 689 429 744 ‘hoc
454 704 606 744 anno
634 689 734 745 Gn.
762 689 1081 757 Pompeius
1105 690 1281 744 natus
1306 690 1398 744 est
1421 690 1598 756 atque
1626 689 1850 744 Cicero’

171 786 271 818 non
317 768 469 817 Grani
520 785 622 818 esse
668 771 770 816 iam
815 769 1018 833 Madvig
1063 769 1306 817 iudicavit
1352 763 1405 836 (l.
1440 763 1525 836 c.),
1573 771 1659 831 qui
1707 770 1855 818 scribi

170 845 301 892 vult:
343 839 581 891 ‘Rutilius
621 843 791 891 consul
838 843 1027 906 collega
1065 843 1226 890 Mallii
1274 841 1386 905 [hoc
1425 859 1552 891 anno
1594 842 1678 891 Cn.
1711 843 1854 891 Pom-

173 919 312 980 peius
352 920 497 965 natus
539 913 634 981 est]
675 918 806 965 solus
846 920 1100 979 supererat
1136 917 1452 979 reipublicae.
1529 917 1705 979 Itaque
1747 915 1851 979 [ad-

172 1007 267 1053 que
317 986 508 1055 Oicero]
556 1006 667 1038 cum
692 1028 701 1037 .
729 1028 738 1037 .
767 986 810 1037 .'.
897 991 1003 1054 Ego
1055 991 1229 1038 melius
1278 1007 1379 1039 esse
1428 991 1695 1039 arbitratus
1743 1007 1854 1039 sum

170 1065 296 1113 hanc
342 1064 796 1126 interpolationem,
846 1080 944 1125 qua
990 1066 1149 1112 oratio
1190 1061 1343 1112 Grani
1382 1067 1610 1113 contexta
1655 1080 1852 1127 prorsus

170 1138 335 1201 inepte
368 1138 694 1199 dirimeretur,
732 1140 892 1185 totam
923 1154 948 1185 e
981 1140 1211 1185 contextu
1241 1142 1482 1186 remotam
1514 1141 1566 1186 in
1599 1155 1709 1201 app.
1745 1140 1851 1187 crit.

169 1214 366 1260 tantum
405 1212 654 1260 adnotare.
717 1211 865 1259 Haud
897 1212 1043 1259 aliter
1080 1212 1265 1260 iudices
1305 1213 1363 1260 de
1404 1214 1660 1260 enuntiato
1693 1230 1739 1274 p.
1769 1215 1852 1273 27,

172 1287 227 1334 9:
269 1282 696 1333 ‘Ariobardianem
734 1287 792 1333 ut
835 1302 1031 1334 servum
1068 1283 1292 1348 respuit'.
1372 1285 1607 1335 Servatur
1653 1286 1853 1348 quidem

169 1359 223 1407 id
269 1376 296 1406 a
346 1358 395 1407 G.
427 1359 644 1420 Pertzio,
682 1358 919 1421 Linkero,
969 1360 1351 1421 Dieckmannio,
1400 1359 1674 1420 Gamozzio,
1722 1361 1852 1408 Bon-

169 1449 341 1482 nenses
389 1435 542 1481 etiam
589 1429 771 1496 ‘gratia
816 1433 870 1481 P.
911 1434 966 1480 R.
1014 1429 1352 1482 reconciliata'
1400 1436 1538 1483 uncis
1578 1434 1849 1482 includunt.

168 1507 380 1569 Utrique
412 1510 597 1555 errant:
627 1507 778 1556 verba
812 1503 1023 1569 ereliqua
1054 1504 1224 1556 classe'
1258 1524 1357 1555 non
1379 1510 1486 1556 tam
1515 1509 1660 1556 facile
1691 1510 1851 1556 trans-

169 1583 343 1642 mutes,
384 1597 532 1642 quam
562 1581 746 1629 Linker
782 1583 959 1643 putare
990 1582 1206 1641 videtur3
1247 1599 1363 1630 nam
1398 1584 1614 1644 primum
1654 1582 1852 1644 quidem

169 1671 268 1703 non
321 1656 587 1703 verisimile
641 1657 714 1704 est
766 1656 892 1703 hanc
946 1657 1273 1704 mutationem
1326 1672 1355 1703 a
1409 1657 1612 1704 librario
1666 1657 1852 1704 factam

169 1745 294 1789 esse3
334 1728 500 1777 credas
533 1731 698 1791 potius
729 1730 887 1789 illum,
925 1731 969 1778 si
1008 1746 1065 1777 ea
1096 1730 1246 1778 verba
1285 1731 1544 1789 omisisset,
1583 1731 1730 1792 plane
1768 1746 1850 1778 ne-

169 1803 442 1866 glecturum
480 1803 629 1851 fuisse
668 1804 806 1851 velut
843 1821 889 1864 p.
912 1805 994 1864 24,
1022 1805 1075 1863 33
1116 1803 1291 1851 deinde
1323 1806 1635 1851 enuntiatum
1668 1800 1851 1868 ‘gratia

168 1877 221 1924 P.
254 1877 310 1924 R.
350 1873 684 1924 reconciliata'
726 1893 825 1925 non
864 1893 975 1925 oum
1011 1878 1166 1925 altero
1205 1878 1293 1925 fflo
1328 1873 1756 1926 ‘Ariobardianem
1794 1881 1851 1926 ut

169 1966 364 1998 servum
408 1947 615 2012 respuit'
665 1951 914 2012 cohaeret,
968 1951 1051 1998 sed
1106 1953 1211 1998 arte
1258 1954 1572 2000 coniunctum
1618 1954 1693 2000 est
1739 1967 1850 2000 cum

170 2019 265 2072 ‘his
302 2019 604 2087 compositis’
637 2027 687 2072 et
718 2020 929 2086 ‘reliqua
961 2026 1114 2073 classe
1152 2026 1206 2073 in
1236 2025 1452 2073 Pontum
1489 2021 1850 2088 proficiscitur',

167 2100 227 2146 ut
266 2094 696 2146 ‘Ariobardianem
734 2101 794 2146 ut
828 2115 1022 2147 servum
1051 2095 1260 2161 respuit'
1293 2115 1492 2162 prorsus
1522 2101 1688 2162 inepte
1719 2102 1851 2147 inter

166 2172 288 2220 haec
320 2174 579 2220 enuntiata
608 2174 862 2234 irrepsisse
895 2173 1140 2236 videatur3
1173 2173 1415 2236 glossema
1445 2174 1595 2222 fuisse
1628 2189 1850 2222 censeam

169 2245 231 2293 ab
271 2246 429 2294 altera
466 2262 617 2294 manu
648 2248 700 2292 111
739 2248 959 2311 margine
994 2247 1298 2308 adnotatum,
1337 2250 1394 2294 ut
1425 2250 1667 2309 quantum
1696 2249 1849 2295 inter-

168 2321 295 2367 esset
340 2321 470 2367 inter
515 2320 827 2368 clementiam
872 2320 922 2367 P.
956 2321 1011 2368 R.
1053 2323 1103 2369 et
1139 2321 1443 2369 Mithridatis
1491 2321 1848 2383 crudelitatem,

167 2393 417 2441 luculento
457 2395 678 2456 exemplo
710 2394 1057 2442 illustraretur.
1120 2394 1351 2444 Adfuisse
1385 2395 1585 2456 quidem
1615 2395 1849 2444 Ariobar-

167 2467 365 2550 dianem
404 2467 627 2515 Dardani
670 2483 772 2515 una
818 2484 929 2516 cum
968 2467 1108 2516 Sulla
1147 2471 1196 2517 et
1234 2469 1524 2517 Mithridate
1562 2485 1662 2517 non
1699 2486 1848 2534 nega-

165 2534 386 2607 nm.(cf
419 2541 550 2588 Plut.
578 2540 716 2589 Sulla
742 2542 832 2589 24:
867 2535 1250 2607 Ἀριοβαρζάνην
1290 2539 1342 2590 δὲ
1380 2535 1532 2602 αυθις
1570 2562 1652 2591 και
1693 2544 1848 2591 Νικο-

170 2613 335 2677 μήὸην
380 2614 495 2673 τοὺς
540 2615 752 2679 βασιλεῖς
797 2614 1120 2681 προσαγαγὼν
1160 2615 1355 2679 διήλλοίδ
1339 2610 1462 2682 ζεν);
1511 2617 1643 2679 quod
1681 2620 1849 2665 autem

169 2689 302 2750 apud
341 2687 581 2737 Granium
625 2689 716 2737 hoc
758 2689 864 2737 1000
904 2692 1226 2751 memoratur,
1273 2691 1438 2751 alteri,
1485 2693 1544 2738 ut
1589 2692 1691 2739 iam
1730 2691 1864 2752 dixi,-

168 2763 339 2809 manui
375 2764 499 2811 vitio
538 2763 828 2811 vertendum
867 2779 1051 2812 censeo.

281 2834 423 2892 Quod
467 2852 615 2898 porro
661 2853 708 2898 p.
743 2838 835 2898 31,
872 2839 899 2884 7
949 2839 1129 2886 exstat:
1178 2832 1276 2886 Et
1311 2833 1553 2886 Murena
1591 2846 1668 2886 θΧ
1706 2830 1847 2886 Asia

169 2902 587 2975 triumphavit,
627 2905 689 2959 et
725 2905 1000 2960 Valerius
1030 2905 1274 2961 Flaccus
1314 2920 1392 2959 ex
1424 2906 1748 2961 Celtiberia
1786 2906 1848 2961 et
